4034 6184
176 228 229 289 313
781 226 1077 288 3333313333.
1097 225 1161 284 um.
1178 227 1210 284 3.
1679 188 1685 200 ’
1726 318 1728 325 γ
1758 216 1811 275 ora

280 346 321 406 iic
330 363 412 421 sapor
425 349 552 420 antiquus
563 347 656 405 saeviat
670 346 813 411 illecebris,
983 352 1005 411 1
1121 341 1257 401 conterno
1269 341 1371 414 poteris
1382 340 1543 399 sustinuisse
1554 343 1657 400 auimo.

245 436 309 494 ilios
322 438 451 495 coeiorum
466 438 545 496 donis
558 437 703 509 regnisque
717 435 820 508 potitos
1087 433 1247 491 Discurrens
1260 433 1355 490 urbem
1365 433 1431 491 totis
1442 433 1561 491 lustrare
1570 434 1666 490 diebus

281 528 358 585 Fecit
369 530 498 587 mortales
512 529 655 588 ambitiosa
669 528 743 600 3313.
1017 523 1071 581 loo
1124 522 1176 579 Vir
1185 523 1274 580 media
1285 523 1373 580 lessus
1382 532 1463 581 nocte
1473 524 1563 581 redire
1576 525 1696 582 domum.

245 619 314 676 bum
327 620 414 692 33313
428 621 455 677 in
469 621 583 678 vetitum
595 622 715 690 ruimus,
729 620 964 696 cupimusqueue·
1086 613 1278 684 Continuoque
1290 615 1388 672 iterum
1400 616 1489 687 prima
1500 630 1666 686 consurgere
1679 614 1751 683 1333,

106 778 110 784 ¹
846 708 928 783 [3313.
1124 703 1673 777 11131333333333133113333113313133.

194 796 228 857 51
281 800 316 858 m
328 802 402 874 quod
413 800 523 861 dildciie
534 810 585 874 est,
599 805 652 862 boc
665 803 756 876 potius
767 802 900 859 3313333.
1087 795 1123 851 Ei
1133 811 1195 852 cum
1204 804 1233 851 te
1243 796 1332 852 tenuis
1340 812 1391 868 per
1402 797 1471 854 dura
1484 797 1580 854 sedilia
1593 811 1707 854 somnus

1125 890 1293 963 Compulerit
1306 890 1407 948 lessum
1420 891 1576 965 deposuisse
1586 905 1685 964 capum

438 959 483 1031 DE
499 959 704 1017 EBfflETATE·
1019 982 1070 1039 l05
1086 984 1134 1041 iile
1147 984 1223 1055 prior
1235 983 1326 1040 forsan
1340 983 1387 1056 qul
1400 985 1487 1041 serior
1499 984 1584 1041 adluit
1595 985 1633 1041 ibi

247 1071 384 1146 Praecipue
398 1076 473 1146 13133
486 1091 569 1133 renas
582 1073 744 1147 3311331333
758 1073 821 1129 3133
1125 1076 1202 1132 Atria
1214 1076 1344 1147 pulsabit,
1355 1075 1438 1133 stulta
1452 1077 1562 1147 querela
1575 1084 1666 1133 notus.

281 1158 401 1237 Respue,
412 1182 446 1224 33
457 1168 554 1238 raptim
564 1167 626 1222 3133
639 1180 742 1222 333333
756 1165 831 1220 11331.
1089 1167 1145 1222 Ant
1156 1166 1180 1223 si
1191 1166 1316 1223 lictorem
1329 1173 1484 1237 133331331
1496 1167 1604 1234 clarior,
1616 1175 1681 1237 opta

249 1255 284 1314 iit
296 1258 384 1315 nimiis
397 1260 503 1331 quotics
516 1259 573 1316 sitit
586 1259 695 1315 aestibus
709 1258 784 1314 arida
798 1257 887 1323 telius,
1124 1257 1161 1315 111
1174 1258 1246 1314 bene
1258 1258 1410 1326 submotus,
1423 1272 1475 1314 nec
1489 1258 1560 1313 male
1572 1273 1656 1313 cesus
1665 1272 1722 1313 cas.

281 1347 373 1406 Soiers
385 1349 412 1405 13
426 1348 529 1406 1333133
541 1365 622 1420 quam
638 1357 716 1421 parat
729 1348 857 1420 agricola,
1088 1347 1143 1406 Sed
1156 1349 1199 1407 lac
1210 1349 1282 1420 quod
1294 1364 1386 1405 rarum
1398 1357 1450 1418 est,
1461 1356 1492 1404 ut
1504 1349 1592 1405 victus
1599 1348 1702 1419 janitor
1710 1365 1776 1406 auro

193 1438 230 1495 iili
247 1437 277 1494 si
289 1440 362 1510 prius
374 1440 481 1496 evulsas
492 1454 574 1511 quam
587 1440 628 1496 sol
641 1439 792 1495 internecet
804 1437 913 1508 herbas,
1020 1439 1071 1496 llo
1123 1439 1163 1495 Ac
1173 1439 1300 1511 precibus
1310 1440 1418 1496 tandem
1427 1440 1499 1496 dicat
1508 1458 1514 1494 :
1524 1439 1606 1496 Adire
1616 1449 1705 1512 potes.

281 1529 387 1588 1313331
395 1529 516 1587 madidos
528 1527 620 1586 nubila
632 1529 716 1584 13333
729 1527 805 1598 1133;
1088 1530 1241 1601 ingrederis
1252 1531 1341 1600 113333
1352 1530 1476 1599 blandos,
1489 1531 1618 1602 vultuque
1629 1531 1775 1600 modestus,

247 1619 374 1678 Protinus
385 1631 414 1678 31
427 1631 529 1694 sentes,
540 1631 569 1678 et
578 1623 699 1694 gramina
714 1623 795 1679 nuria
810 1623 891 1681 messi
1123 1619 1246 1691 Corpore
1260 1619 1399 1690 subiectus
1413 1637 1419 1674 :
1436 1620 1580 1675 31113333
1596 1620 1648 1676 ista
1661 1621 1766 1690 jurant.

282 1711 436 1770 Seminibus
445 1714 534 1782 victis,
545 1714 614 1770 beu!
626 1714 696 1771 male
710 1715 769 1769 iaera
783 1713 861 1770 13131.
982 1725 1007 1787 Β
1089 1709 1183 1767 Omnis
1192 1711 1368 1783 bonorpretii
1377 1719 1419 1767 cst
1430 1729 1438 1765 ε
1450 1711 1486 1767 lbi
1496 1726 1546 1782 pro
1560 1712 1680 1783 pondere
1690 1715 1807 1770 nummi:

246 1802 367 1877 Corpora
380 1806 419 1864 sic
431 1806 517 1863 multo
527 1804 627 1863 luerint
637 1821 696 1878 quta
707 1804 796 1861 dedita
806 1805 880 1871 vino,
1126 1803 1226 1859 Charta
1237 1818 1286 1860 seu
1296 1803 1367 1861 loliis
1377 1804 1435 1860 sire
1449 1814 1546 1875 potens
1560 1804 1670 1862 tabulis.

193 1898 229 1952 lili
281 1897 409 1956 Consiliis
421 1906 553 1970 pereunt,
566 1900 704 1956 luxuriant
716 1899 799 1956 311113.
1022 1893 1074 1950 111
1090 1895 1158 1950 Nam
1172 1896 1195 1952 si
1209 1897 1321 1952 cessarit
1332 1895 1409 1952 11333
1417 1911 1527 1966 manus,
1540 1898 1616 1953 irrita
1631 1913 1675 1953 res
1687 1906 1739 1956 est.

245 1988 281 2045 Et
293 1990 358 2060 quid
372 1990 516 2061 sordidius,
526 1991 592 2061 quid
602 1992 653 2046 crit
664 1990 811 2047 deformius
821 2004 948 2062 uuquam,
1125 1985 1161 2043 iit
1171 1988 1195 2043 si
1205 1988 1287 2044 verba
1296 1986 1384 2057 dabit,
1394 1995 1425 2043 13
1435 2001 1544 2060 quoquc
1554 1987 1637 2044 rerba
1650 1987 1731 2046 leres.

282 2081 370 2153 Quam
379 2083 403 2139 si
418 2092 445 2140 tc
459 2083 565 2140 tibimet
577 2083 717 2140 subtrahat
730 2083 871 2139 ebrietas?
1091 2078 1133 2136 Au
1147 2082 1235 2138 bonor
1247 2080 1354 2150 arrisit,
1365 2095 1448 2153 quem
1467 2096 1576 2154 semper
1595 2083 1623 2139 13
1643 2082 1738 2140 ordine
1753 2100 1814 2142 mos

245 2172 314 2230 Cum
327 2183 409 2246 caput
421 2174 475 2231 buc
485 2174 550 2233 illuc
562 2182 666 2248 333331,
677 2189 838 2248 gressusque
849 2175 967 2244 vacillet,
1721 2175 1774 2250 [cst

281 2267 412 2342 diemque
422 2277 502 2340 33331
512 2254 631 2339 seusun,
639 2271 730 2342 113333
740 2260 833 2327 tenere
843 2284 950 2337 sonum,
1127 2262 1241 2322 Sumere
1255 2280 1319 2323 sero
1333 2264 1517 2336 3311333331
1530 2266 1653 2338 posuisse
1667 2267 1741 2323 cito?

194 2360 230 2417 oa
247 2359 413 2419 claudantur
425 2362 537 2433 3333113
549 2364 690 2435 vergentia
703 2363 805 2419 lumina
816 2377 923 2429 somno,
1090 2355 1158 2414 liam
1171 2358 1245 2431 quod
1257 2366 1286 2416 tu
1300 2358 1429 2428 dederas,
1440 2375 1505 2417 mcx
1516 2359 1638 2418 conseret
1650 2361 1720 2417 aiter
1732 2369 1760 2417 31
1773 2361 1813 2418 31-

282 2450 351 2520 Quid
366 2451 431 2509 iacis
445 2452 731 2524 ignores,tuquoque
745 2451 912 2509 cumlacias.
1700 2451 1774 2526 [tere

246 2543 316 2615 Quid
328 2543 426 2616 loquar
438 2545 569 2614 ablatum,
580 2543 659 2599 vultu
673 2542 806 2605 iumante,
819 2541 950 2609 calorem,
1020 2538 1072 2594 iao
1125 2537 1205 2609 Quod
1218 2539 1297 2597 multi
1310 2541 1439 2614 cupiunt,
1451 2557 1532 2598 nemo
1546 2540 1594 2599 diu
1608 2543 1705 2598 tenuit.

280 2632 315 2689 iit
328 2635 399 2691 male
410 2634 568 2705 compositis
578 2632 662 2690 verba
674 2633 763 2689 331313
775 2631 881 2689 modist
1088 2630 1143 2688 Fac
1149 2634 1393 2704 1333331133333
1401 2635 1501 2691 durans
1508 2622 1597 2691 bonor
1606 2633 1691 2703 131131,
1698 2641 1760 2705 3331
1769 2643 1812 2703 13,-

244 2722 378 2782 13133133
388 2724 512 2781 manibus
526 2725 635 2792 3311333,
649 2736 812 2809 mensasque
821 2737 871 2795 331
879 2722 953 2796 ipsas
1124 2724 1315 2799 Nunquidnam
1327 2728 1407 2785 11333
1422 2745 1478 2785 333
1489 2728 1631 2784 habiturus
1640 2727 1712 2783 31111

81 2804 84 2809 ’
194 2813 229 2868 'lli
281 2811 423 2871 1131311133
436 2814 500 2872 3133
512 2828 584 2886 supe
595 2813 685 2871 redire
695 2814 782 2884 cibos,
1088 2818 1183 2889 111333,
1193 2833 1255 2891 333,
1263 2821 1382 2877 mansuri
1391 2821 1500 2891 signent
1508 2827 1555 2877 tua
1567 2820 1677 2877 nomina
1688 2819 1784 2889 133133,

246 2904 339 2980 'leque
356 2922 407 2980 per
426 2908 593 2978 innumeros,
607 2922 668 2965 cum
680 2908 740 2965 vult
757 2924 836 2966 meus
851 2909 965 2977 saucia,
1124 2910 1213 2983 Atque
1224 2920 1271 2968 tuo
1282 2911 1347 2969 ielis
1361 2928 1448 2970 33333
1459 2919 1504 2968 331
1515 2913 1595 2969 titulo
1608 2929 1616 2968 1

816 2999 928 3076 [motus
1018 2997 1070 3055 115
1088 2998 1159 3067 Quid
1168 3000 1403 3073 taudemprodeet,
1422 3001 1590 3060 cumdcsiuit
1602 3018 1663 3060 3333
1674 3002 1812 3075 potestas!

281 3088 901 3160 13133313133131333133131133331313
978 3101 1001 3166 c
1123 3090 1154 3147 iu
1168 3105 1224 3165 quo
1238 3092 1437 3166 sentiturquod
1448 3092 1498 3151 luit
1508 3102 1590 3166 atque
1603 3095 1688 3153 abiit?

245 3181 281 3238 Et
291 3198 362 3240 nunc
376 3182 475 3240 saltatu
487 3182 626 3254 vergentia
641 3183 763 3240 membra
776 3189 878 3247 rotare,
1090 3182 1126 3240 Et
1136 3184 1209 3255 quod
1219 3186 1353 3258 paulatim
1366 3185 1514 3243 succedens
1527 3187 1631 3243 nesciet
1641 3189 1726 3256 aetasa'

281 3273 868 3333 11333133133313131333111333133113313.
1124 3274 1158 3332 Et
1170 3277 1244 3348 quod
1256 3278 1280 3334 si
1293 3279 1400 3345 3313311,
1414 3278 1478 3350 quid
1491 3278 1541 3334 tibi
1551 3293 1656 3335 merces
1666 3281 1738 3336 erit?

193 3367 229 3424 75
245 3364 402 3424 Exclamare
413 3367 480 3423 libet
492 3366 557 3422 3133
569 3366 737 3438 dapibusque
750 3366 895 3438 sepultum,
1090 3363 1146 3421 Sed
1160 3366 1207 3437 qui
1222 3374 1332 3423 terreno
1346 3374 1451 3423 tautum
1461 3366 1592 3438 dependis
1605 3368 1721 3438 bonori,

281 3458 364 3515 Forte
375 3459 457 3516 ctiam
469 3458 572 3530 proprii
584 3458 701 3515 nominis
711 3458 915 3514 immemorem?
1019 3455 1071 3511 1111)
1123 3456 1265 3530 Tantaque
1276 3473 1350 3514 nunc
1362 3457 1487 3515 homines
1499 3444 1647 3515 ambitione
1660 3460 1739 3528 colis,

245 3549 311 3622 Ejus
319 3551 367 3620 qui
381 3550 465 3607 13331
478 3548 629 3618 1333331131
642 3548 719 3615 talia,
730 3548 839 3618 quaudo
1093 3545 1252 3605 1111133133
1264 3547 1384 3618 placeas,
1399 3548 1477 3617 cuius
1487 3556 1551 3603 suut
1564 3548 1665 3613 omnia,
1676 3546 1795 3614 cbristo,

281 3640 382 3698 orandi
393 3641 490 3699 subeat
503 3648 569 3697 tunc
578 3637 778 3711 piacuralieil
1124 3638 1649 3712 1333333133333331333333131131.

244 3734 360 3791 Pascere
372 3741 429 3789 133
441 3745 539 3803 magno
552 3738 660 3804 sumptu
672 3739 739 3804 quot
750 3746 846 3805 posses
855 3740 965 3804 333333,
1090 3730 1448 3800 131313133333133131313,
1459 3733 1579 3803 13333113
1590 3732 1694 3805 parvis,

192 3824 229 3882 81)
280 3826 406 3896 Quotque
419 3823 478 3880 dies
489 3823 567 3880 133133
579 3823 639 3880 baec
651 3822 730 3880 daret
744 3839 798 3880 333
811 3823 889 3881 diesi
1125 3822 1193 3879 viiia
1203 3823 1363 3893 3333111313,
1374 3825 1480 3896 3331113
1493 3826 1641 3897 perpetuis.

248 3917 284 3974 At
297 3926 325 3974 te
339 3932 411 3975 mma
424 3923 516 3974 saturo
530 3930 633 3987 pauper
640 3913 750 3986 ieiunus
762 3916 890 3973 oberrat:
1019 3913 1073 3970 115
1089 3912 1223 3971 Devotum
1238 3915 1332 3972 313331
1345 3931 1406 3988 qua
1419 3917 1530 3973 tandem
1539 3916 1635 3988 iniuria
1645 3919 1758 3989 pectus?

281 4007 323 4065 ‘l'u
332 4008 426 4065 31333
438 4009 574 4076 33133133
585 4008 632 4063 311
646 4007 728 4064 babet
740 4007 808 4065 alter
822 4024 929 4080 aquam.
1124 4004 1159 4061 Et
1171 4004 1236 4076 quid
1250 4007 1303 4062 erit
1316 4007 1436 4065 celsum?
1445 4007 1511 4081 quid
1525 4008 1575 4065 tibi
1588 4008 1697 4067 dillicile
1710 4014 1773 4068 3311

245 4100 280 4157 iit
292 4101 316 4160 si
328 4101 400 4158 icrte
412 4100 567 4157 31133331
580 4100 898 4171 33331133333,33331113
1089 4094 1212 4170 Namque
1225 4096 1294 4154 nihii
1307 4097 1405 4156 durum
1416 4107 1476 4169 est,
1486 4115 1547 4157 cum
1558 4115 1621 4173 spes
1632 4102 1768 4168 succedit,
1782 4111 1811 4159 31

281 4191 348 4249 lillis
359 4191 435 4261 queis
448 4189 516 4246 nibil
528 4197 572 4246 331
583 4189 636 4246 boc
647 4188 696 4245 tibi
710 4189 783 4260 quod
796 4198 929 4260 superest.
1675 4193 1775 4267 [omnis

193 4282 230 4337 85
246 4280 340 4338 Sentio
351 4279 520 4352 iamdudum
533 4279 646 4336 tacitmn
661 4278 801 4344 aedicere,
813 4278 917 4334 lector:
1125 4279 1254 4341 Pervenit
1267 4283 1302 4341 ad
1315 4284 1433 4342 fructum
1446 4284 1535 4342 313133
1548 4285 1652 4342 bouore
1664 4285 1760 4342 labor:

279 4372 350 4430 1111
361 4371 482 4443 (ividem,
492 4371 541 4429 1111
552 4377 616 4427 11111
627 4369 711 4425 1111111
720 4371 894 4440 (1111111111
1090 4378 1125 4436 iit
1136 4381 1264 4448 iructum,
1275 4385 1334 4435 toto
1348 4377 1394 4450 qui
1408 4377 1487 4433 duret
1497 4384 1632 4449 tempore,
1643 4393 1724 4449 quem
1739 4393 1792 4435 non

246 4467 336 4524 13133
349 4466 529 4539 precipimur,
542 4464 577 4521 de
586 4471 659 4520 terra
669 4463 801 4520 scandere
810 4465 919 4522 coeium.
979 4491 1006 4552 Ι)
1019 4469 1071 4527 illi
1125 4470 1235 4527 1313331
1245 4469 1372 4537 ambitor,
1384 4468 1522 4539 prodigus,
1533 4468 1699 4540 1333113331

280 4559 341 4617 lion
352 4568 394 4617 est
407 4559 480 4632 quod
492 4572 578 4630 parro
587 4566 660 4613 stare
672 4557 767 4612 labore
776 4565 865 4628 putes.
1089 4564 1174 4622 Audis
1182 4563 1361 4637 spondentem
1370 4560 1513 4617 [1331333
1522 4575 1592 4617 nora
1602 4564 1715 4633 praemia
1719 4564 1811 4635 iustis,

246 4652 358 4726 ,1133333
376 4653 449 4709 euin
466 4652 545 4708 labor
558 4657 618 4718 cst;
632 4649 681 4706 sed
694 4663 801 4705 merces
814 4648 965 4722 3333313-
1126 4655 1270 4713 Promissis
1281 4652 1444 4726 3333333331
1456 4652 1570 4710 meliora
1584 4652 1668 4708 dabit.

846 4742 937 4817 [borl:
1087 4746 1147 4803 lion
1159 4753 1304 4817 conspecta
1317 4743 1414 4810 oculis,
1429 4758 1484 4799 uon
1497 4742 1608 4800 auribus
1617 4743 1764 4813 insinuata,

191 4839 227 4895 ati
280 4835 393 4893 Praemia
404 4835 451 4908 qui
459 4842 561 4906 sperat,
571 4833 703 4892 desidiam
717 4834 811 4906 133131.
1123 4838 1184 4911 ipso
1196 4854 1250 4895 non
1263 4852 1344 4894 sensu
1356 4836 1539 4909 praemeditata
1550 4835 1636 4907 prius.

244 4926 365 4985 Palmam
379 4943 461 4984 nemo
474 4926 554 4994 13131,
564 4927 616 4984 nisi
625 4926 671 4997 qul
680 4926 826 4983 certaverit
834 4932 916 4982 anie:
1017 4923 1071 4988 115
1087 4929 1147 4987 lion
1162 4929 1211 4985 tibi
1225 4928 1359 4985 distillant
1369 4929 1489 5000 pretioso
1498 4928 1601 4987 cortice
1609 4929 1736 5001 myrrhae,

280 5019 341 5078 lion
351 5020 405 5077 uisi
417 5019 513 5077 victori
525 5018 623 5075 blanda
633 5034 734 5075 corona
747 5018 837 5075 datur.
1125 5021 1224 5077 Thuris
1236 5021 1351 5078 odorato
1364 5020 1467 5092 cespite
1477 5029 1550 5077 terra
1560 5028 1655 5078 13331.

246 5110 288 5167 Au
302 5112 351 5168 tibi
364 5111 472 5183 13331133
483 5111 577 5168 mundi
590 5099 877 5181 quaeraniurhouores
1088 5113 1165 5172 Adde
1188 5113 1323 5186 thymum,
1348 5112 1445 5182 riolas,
1470 5113 1567 5181 casias,
1591 5113 1722 5181 melilota,
1746 5130 1805 5170 cro.

280 5200 390 5259 1133333
399 5217 468 5273 quos
477 5217 571 5274 speres
581 5202 730 5258 emeruisse
739 5201 895 5258 homiuem?
1635 5206 1771 5280 [cumque

188 5298 224 5354 95
244 5299 379 5372 Quidquid
392 5301 419 5358 id
430 5308 472 5357 331
481 5300 563 5356 variis
572 5298 645 5372 quod
655 5306 738 5356 33131
751 5313 866 5369 corpora
876 5298 964 5364 333113,
1123 5296 1244 5356 Candida
1254 5297 1376 5371 puniceis
1388 5296 1444 5354 lilia
1455 5296 1538 5369 13333
1551 5297 1630 5354 rosis.

281 5392 350 5450 ilum
363 5395 445 5451 celeri
458 5395 542 5451 31133
552 5393 685 5450 currimus
698 5392 726 5448 13
739 5391 846 5449 stadio:
1087 5391 1155 5448 (ium
1165 5400 1206 5448 131
1219 5391 1247 5447 13
1260 5390 1303 5448 bis
1316 5391 1396 5447 terris
1407 5399 1535 5461 peccator
1545 5404 1657 5446 munera
1666 5402 1768 5459 sumas,

245 5485 448 5557 contemptum,
461 5486 575 5557 pluvias,
590 5484 683 5556 111333,
695 5483 799 5556 jejunia
811 5482 886 5539 rixas
1016 5485 1069 5542 150
1121 5485 1152 5541 13
1162 5484 1239 5543 omlis
1250 5493 1361 5542 3333133
1372 5497 1433 5553 quc
1445 5486 1517 5541 bona
1529 5483 1680 5555 percipies?

210 5666 296 5723 versu
310 5665 355 5722 67.
370 5665 437 5736 133.
451 5664 574 5722 cibum.
1050 5655 1136 5715 Versu
1148 5657 1192 5715 93.
1208 5657 1272 5731 133.
1285 5658 1447 5732 3333331133.

210 5736 296 5795 veno
312 5724 355 5796 it.
370 5735 451 5793 Forte
463 5737 563 5791 3311313.
