4034 6184
157 189 210 249 bii
607 270 611 277 ⁴
628 174 951 239 conuenientem
967 172 1004 236 tn
1021 172 1163 236 obituslu
1192 172 1256 231 lili.
1275 172 1319 230 ill.
1725 166 1778 223 ssd

157 300 276 375 seruitio
287 297 414 370 eripiam,
433 305 594 366 gentemque
605 292 722 349 ulciscar
734 292 871 363 iniquam,
954 295 980 354 A
993 290 1070 359 Quod
1086 290 1201 360 quitum
1213 294 1337 343 sanctum
1349 296 1522 355 comumpers
1534 288 1725 339 resumentem

157 391 193 447 lit
204 390 312 446 reddam
326 387 413 451 terris,
424 383 524 441 blando
537 396 604 454 quas
616 382 721 452 gurgite
730 380 842 449 cingunt

158 479 235 536 Nilus
248 485 275 534 et
283 475 443 547 Euphrates.
460 472 515 529 Sed
527 487 588 529 cunr
600 478 714 543 peecata
728 478 872 529 nocentum

157 571 251 628 Gentis
264 565 426 623 Amonbseoe
443 564 590 636 populique
602 563 661 618 baec
674 575 756 631 regna
771 560 888 616 tenentis

158 656 298 728 Explerint
311 666 442 710 summam
456 652 597 718 scelerum,
614 649 742 722 dignique
755 650 875 721 paternis

158 745 273 803 Sedibus
286 742 384 814 expelli
397 741 513 807 luerim,
533 748 652 797 aimmen
665 746 729 794 aute

160 835 294 904 Longarus
307 832 371 889 ielis
383 830 518 888 decedens
530 830 616 885 limite
624 829 699 893 ritae,

161 924 285 987 Ploratas
297 922 368 979 natis
380 935 442 978 cum
453 933 522 990 paee
530 928 559 975 et
570 932 682 977 munere
692 924 787 972 nostro

160 1015 202 1070 Ad
213 1021 323 1069 sanctos
334 1011 462 1082 migrabit
472 1024 548 1066 auus.
565 1007 612 1065 Sic
623 1008 704 1074 latus,
715 1015 743 1063 et
756 1007 812 1061 aluo

160 1101 229 1158 Cum
240 1100 296 1172 iam
309 1115 362 1156 nux
377 1100 458 1155 terrie
470 1098 568 1154 demas
580 1097 718 1154 induceret
729 1096 848 1163 rubras,

161 1191 275 1262 Signum
289 1205 305 1246 e
317 1197 410 1245 munte
421 1187 514 1245 dedit:
530 1186 672 1244 confestim
686 1186 790 1243 fumeus
800 1184 862 1241 istie

162 1283 281 1355 Apparet
294 1281 425 1344 elibanus,
435 1279 593 1349 lanrpasque
606 1277 689 1348 ignita
701 1275 826 1341 videtum

162 1371 233 1427 'l‘um
245 1385 338 1427 sacrus
349 1369 451 1439 epulus,
464 1367 635 1436 mediumque
648 1367 753 1422 lurccta
767 1373 901 1436 paratum,

164 1460 297 1532 Praecipiti
310 1476 390 1517 cursu
399 1459 521 1516 delibans
533 1456 641 1513 darum
656 1457 772 1513 vorarit.

199 1548 304 1606 interm
313 1554 405 1605 certus
414 1548 499 1616 regui,
512 1546 649 1617 prolisque
660 1545 766 1611 suturae,

994 380 1121 444 numeret,
1135 392 1245 434 cessam
1257 375 1310 446 legi
1324 372 1454 431 inservire
1466 382 1582 442 metm,

994 468 1122 525 moeres
1135 468 1212 523 lieret
1225 466 1299 537 regui
1313 465 1430 534 dieque
1441 463 1547 519 futurae.

1030 558 1065 614 At
1078 557 1158 613 sirum
1170 562 1202 611 ut
1213 569 1280 612 uero
1293 554 1345 610 sibi
1358 553 1483 611 crederet
1496 560 1664 622 argumento,

997 648 1128 704 Ventruas
1141 645 1286 716 aliquando
1299 660 1349 701 suu
1360 644 1395 701 dc
1406 645 1509 701 semine
1521 652 1616 715 genta

995 740 1161 806 innumeras,
1175 752 1273 794 nomen
1286 736 1414 795 Dominus
1426 745 1574 792 commutat
1584 736 1709 805 utrique:

997 830 1055 884 Nun
1068 827 1145 903 Sarni
1157 826 1221 894 tibi,
1235 826 1283 894 ait,
1296 827 1344 881 sed
1359 825 1438 881 Sarra
1452 825 1592 883 vocabitur
1605 840 1691 891 uror;

998 919 1032 973 Et
1045 929 1074 974 tu
1084 934 1138 975 uon
1152 919 1261 987 Abram,
1272 917 1320 972 sed
1333 918 1443 973 numine
1453 918 1552 973 clarior
1563 927 1644 972 aucto

998 1009 1124 1065 Venturae
1136 1007 1272 1063 Abrabam
1286 1014 1347 1077 pust
1360 1006 1417 1061 bmc
1430 1007 1583 1063 uocimbere
1597 1008 1681 1078 genti.

997 1097 1075 1162 Quod
1088 1110 1231 1154 commune
1246 1095 1309 1151 ideo
1323 1096 1427 1151 tibimet
1441 1111 1503 1151 eum
1515 1097 1630 1167 conjuge
1642 1111 1705 1154 uera
1719 1106 1772 1169 cst,

999 1186 1127 1243 Promissi
1140 1187 1267 1258 quoniam
1282 1186 1359 1258 (nibil
1372 1193 1454 1242 estre
1467 1187 1566 1243 certius
1581 1187 1642 1259 ista)

998 1275 1084 1332 blater
1096 1276 1149 1332 erit
1161 1276 1283 1347 generis,
1298 1284 1379 1346 teque
1391 1290 1490 1331 sunum
1503 1276 1561 1332 sule
1573 1291 1698 1335 mancuso

999 1367 1065 1424 usse
1077 1377 1181 1440 patrem
1195 1368 1286 1436 saciet,
1300 1369 1422 1439 quamuis
1431 1368 1540 1426 ridenda
1554 1373 1654 1441 putetis

1001 1457 1113 1514 Virtutis
1125 1458 1260 1528 promissa
1273 1472 1360 1527 mem,
1374 1473 1426 1514 nec
1436 1467 1526 1516 uestra
1540 1468 1666 1518 senectus

1000 1545 1131 1616 impediet
1142 1547 1207 1616 quin
1221 1546 1305 1603 diuini
1317 1548 1451 1603 sententia
1462 1548 1530 1617 juris

164 1638 262 1696 liunus
273 1638 347 1695 adire
358 1636 444 1707 patris
455 1638 530 1706 cupit
541 1636 641 1693 soram
652 1653 660 1690 ι
673 1640 747 1692 easta
760 1633 809 1691 sed
820 1648 890 1690 uxor
969 1635 990 1694 B
1006 1635 1134 1694 AEtcrnos
1146 1651 1254 1708 semper
1265 1645 1374 1695 maneat
1386 1638 1504 1694 stabilita
1517 1653 1567 1708 per
1578 1653 1674 1695 annos.

165 1729 265 1786 Abnuit
276 1726 407 1794 officium,
422 1725 495 1795 quod
508 1727 615 1782 inanem
628 1723 708 1782 elleta
721 1732 846 1782 senectus

166 1820 279 1890 lamque
292 1828 397 1877 uterum
409 1819 461 1876 sibi
475 1818 602 1885 iecissem
616 1817 665 1874 sed
679 1817 757 1873 dulce
770 1816 862 1875 mariti

1003 1725 1058 1782 Sed
1072 1735 1161 1782 tamen
1175 1728 1311 1797 ignoscam
1324 1727 1425 1796 dubiis,
1442 1741 1581 1798 pueroque
1594 1729 1685 1783 loturo

1004 1818 1141 1889 imponam
1155 1834 1263 1886 nomeu,
1279 1819 1351 1890 quod
1363 1820 1468 1891 culpam
1480 1820 1551 1875 banc
1564 1828 1668 1889 arguat,
1682 1818 1759 1877 isac:

127 1946 140 1971 0
166 1909 267 1980 Pignus
279 1923 408 1981 spemque
419 1923 518 1966 nurum
528 1921 689 1978 quacunque
698 1921 732 1963 ex
745 1907 842 1978 peUice
854 1907 942 1966 iusum
1004 1908 1056 1978 Qui
1070 1909 1154 1967 riustri
1168 1910 1277 1967 indubie
1289 1918 1398 1967 serrato
1411 1909 1513 1967 ledere
1526 1911 1598 1980 pacti

166 1999 232 2058 Esse
243 2016 319 2058 suam
333 2000 455 2067 eredms,
469 1999 596 2055 brumam
610 1999 664 2072 (cui
671 1999 763 2069 iunior
773 2007 849 2067 etas,

166 2089 241 2159 Agar
252 2103 352 2146 nomeu
364 2096 433 2155 erat,
448 2087 529 2145 tellus
540 2087 656 2144 Nilotica
665 2087 753 2160 origo)

1005 1997 1096 2055 llmres
1109 2008 1199 2073 certus
1212 1999 1273 2065 erit,
1288 2008 1385 2055 maneta
1395 2014 1457 2055 cem
1470 1999 1555 2070 stirpe
1567 2013 1688 2054 suorum.

1004 2090 1060 2147 lice
1073 2099 1163 2147 tanuen
1176 2089 1282 2159 lsmeel,
1296 2091 1367 2160 agar
1378 2091 1412 2146 de
1424 2091 1528 2147 semiue
1541 2099 1629 2157 ustus,

167 2181 303 2254 Subrogat
319 2183 348 2240 ln
366 2181 516 2249 mammos.
545 2182 725 2255 precibusque
745 2194 873 2254 aggressa
896 2197 957 2241 ma·
1005 2179 1108 2250 Expers
1120 2181 1192 2237 dotis
1202 2181 1274 2249 erit,
1289 2188 1384 2237 nostm
1396 2196 1458 2236 nam
1471 2181 1680 2237 muneraturus

820 2272 921 2345 [ritum
1006 2270 1087 2326 llillia
1101 2271 1186 2325 multa
1198 2270 1285 2326 uirum
1298 2270 1374 2327 dese
1387 2279 1498 2328 uentura
1511 2278 1666 2341 potentum,

166 2359 266 2418 Servili
277 2374 370 2417 semen
379 2359 544 2419 concredere
557 2360 675 2433 perpulit
688 2361 760 2417 aluo.

170 2451 244 2510 Preb
257 2452 355 2511 servile
363 2451 458 2510 nebal
473 2461 504 2509 ut
517 2452 633 2524 primum
645 2452 737 2508 uivere
749 2451 834 2508 sensit

169 2540 244 2611 Agar
255 2541 356 2597 venum
368 2555 450 2609 oeus,
464 2539 534 2597 laetu
547 2539 691 2596 tumclecta
705 2541 835 2611 superbo,

1006 2358 1122 2415 bissenis
1136 2360 1238 2430 pariter
1249 2358 1361 2415 ducibus
1373 2358 1510 2428 regnauda
1523 2358 1632 2415 creabis

1044 2448 1134 2504 biuit:
1156 2457 1184 2504 ai
1196 2449 1242 2505 ille
1254 2449 1348 2505 aridus
1358 2457 1466 2520 pactum
1480 2448 1634 2505 accelerare
1645 2456 1783 2519 receptum

1007 2536 1187 2593 lanceatum
1201 2534 1312 2609 pulsent
1325 2537 1476 2607 annualem
1489 2538 1591 2608 pubere
1605 2547 1679 2606 nato,

169 2630 300 2702 Uespeait
309 2630 455 2696 dominam,
470 2639 499 2687 el
510 2630 646 2686 dominam
659 2630 706 2685 cui-
715 2629 809 2686 matris
822 2643 944 2686 amorum
1008 2628 1046 2683 Se
1059 2629 1177 2698 primmn
1188 2636 1352 2698 guatmnque
1362 2642 1451 2695 uuum,
1465 2636 1631 2698 cunctusque
1645 2628 1759 2683 clientes

168 2721 292 2778 Uebebat
303 2734 476 2790 causamque,
491 2720 534 2775 sui
547 2718 647 2775 iuriusa
661 2720 784 2775 muueris.

170 2812 256 2869 Recte
268 2811 349 2882 igitur
361 2808 450 2880 flagris
461 2809 531 2866 banc
542 2810 584 2865 vir
593 2808 758 2879 iustissimus
770 2807 872 2864 Abram

170 2900 299 2973 Coniugis
311 2900 430 2957 addixit:
444 2913 559 2968 quorum
570 2899 655 2967 magis
667 2904 727 2954 acta
740 2897 852 2967 pudure,

171 2993 201 3049 in
215 2993 323 3050 deserte
335 2992 430 3062 procul
442 2998 602 3061 secretaque
619 2991 704 3047 lustra
717 2987 838 3045 ferarum

1009 2720 1048 2776 Ae
1061 2718 1175 2775 lamulus
1188 2734 1292 2788 omues,
1306 2734 1361 2789 quo
1371 2719 1476 2790 iussum
1489 2729 1545 2786 est,
1560 2721 1685 2788 stigmate
1697 2720 1794 2789 signat,

1009 2812 1043 2868 Et
1055 2813 1183 2885 pupulum
1195 2812 1259 2869 iacit
1271 2827 1331 2869 esse
1344 2828 1454 2879 norum,
1466 2814 1622 2881 tonmmque
1634 2813 1751 2882 piorum,

1011 2900 1069 2957 Una
1083 2901 1231 2971 eademque
1244 2901 1299 2967 rie,
1315 2909 1388 2956 tanta
1402 2910 1446 2957 est
1457 2901 1566 2957 deuotio
1580 2901 1665 2970 legem
1735 2930 1739 2935 -

972 2985 995 3048 C
1011 2993 1161 3065 decipiens,
1176 2993 1341 3064 capiensque
1355 2991 1445 3048 iidem.
1459 2991 1528 3060 Quid
1538 3007 1594 3047 nun
1607 2999 1694 3047 meret
1705 3003 1772 3060 ergo

171 3084 288 3139 Abditur
296 3083 445 3153 indignans,
459 3096 541 3151 quam
553 3081 629 3138 exsul
643 3095 694 3138 nec
706 3094 834 3152 mernere
847 3088 947 3137 cessat.
1009 3081 1077 3138 Tam
1089 3095 1207 3154 prauus
1219 3081 1354 3152 veloxque
1369 3081 1457 3138 lidesi
1469 3097 1531 3137 nam
1541 3097 1595 3138 uon
1609 3082 1690 3137 timer
1701 3080 1783 3149 istud,

174 3173 231 3231 Sed
241 3188 348 3233 narsum
358 3173 488 3243 obsequio
500 3173 608 3244 primus
617 3173 689 3243 quod
698 3171 790 3227 debuit
801 3172 875 3228 ilbun

173 3264 395 3333 contemnitque
405 3277 481 3319 more
494 3271 594 3333 petest,
609 3262 763 3331 meruitque
775 3261 876 3333 pericla

173 3352 507 3424 Uesertepcrlerrerie:
524 3351 785 3423 uimissusolympo
814 3356 818 3366 '

175 3443 295 3514 Angelus
307 3449 447 3509 occurrat,
465 3440 646 3512 iamnbmque
654 3441 689 3497 ad
702 3441 814 3512 pristina
827 3455 891 3497 rura

176 3533 312 3591 Restituat
323 3530 382 3587 miti
395 3530 520 3598 domine,
533 3530 684 3600 blandoque
697 3530 831 3587 relectam

176 3622 290 3679 llcrtatu
300 3622 396 3679 melius
405 3620 500 3691 iubeat
509 3634 619 3692 sperare
630 3635 779 3689 reversam,

177 3713 212 3769 Ut
225 3727 323 3769 numen
336 3712 393 3767 nati
405 3712 512 3791 doceat,
525 3725 669 3782 moresque
680 3726 839 3783 manusque,

177 3803 387 3871 innumerosque
399 3813 493 3871 gumen
506 3799 553 3857 tali
564 3799 599 3856 de
610 3801 695 3871 stirpe
706 3801 821 3858 iuturus.

178 3892 240 3961 Qun
254 3893 360 3963 maiore
369 3890 440 3947 redit
450 3899 514 3946 roto
525 3891 583 3961 iam
591 3900 665 3947 certa
677 3890 771 3959 laturi,

178 3981 212 4038 Ut
224 3990 303 4054 partu
314 3982 452 4039 dominum
461 3980 525 4037 lecit
536 3981 611 4051 prior
623 3983 680 4052 ipsa
690 3981 841 4040 Parentem.

179 4074 248 4131 Cum
260 4072 316 4144 iam
328 4073 435 4131 dectusi
447 4074 541 4144 spatiis
550 4072 671 4131 felicibus
684 4074 734 4130 aeri

179 4165 269 4235 Supra
281 4163 417 4233 uuogmta
430 4163 472 4219 bis
485 4170 578 4219 ternos
590 4163 729 4220 ebudcret
741 4178 843 4230 annus,

180 4254 223 4310 Ad
235 4254 285 4310 bus
297 4252 421 4310 bissem
430 4266 491 4308 urm
502 4250 590 4323 justus
601 4260 630 4308 et
644 4252 753 4323 insuper
766 4267 847 4308 uuam

1011 3172 1066 3229 Sed
1079 3171 1199 3228 sincerus
1211 3185 1300 3239 amor,
1318 3170 1463 3242 lamuiique
1472 3171 1597 3242 probatio
1611 3171 1675 3241 lusti
1686 3179 1742 3235 est,

1011 3261 1157 3330 Quodlibet
1170 3261 1313 3332 imperium
1323 3260 1427 3332 placida
1438 3261 1478 3318 sic
1490 3269 1581 3317 mente
1590 3260 1690 3316 subire.

1014 3352 1091 3410 Unde
1104 3354 1188 3409 neum
1202 3352 1254 3409 sibi
1267 3353 1435 3424 promemit:
1453 3367 1551 3422 nempe
1564 3361 1645 3409 antea
1660 3362 1763 3408 tantum

1014 3445 1107 3500 Audiri
1121 3445 1225 3511 solitus,
1240 3444 1366 3499 meritum
1379 3450 1441 3513 post
1454 3443 1509 3497 tale
1524 3444 1639 3498 ministri

1013 3536 1073 3591 iam
1087 3537 1188 3606 patitur
1199 3535 1284 3600 cerni,
1297 3548 1411 3603 eumque
1425 3533 1571 3603 indignatio
1581 3533 1653 3604 justa

1015 3628 1136 3685 Ultorem
1148 3627 1278 3694 stimulet,
1294 3625 1422 3681 mortale
1432 3641 1488 3681 non
1502 3634 1591 3681 temen
1602 3626 1648 3682 ille

1015 3720 1128 3790 llespuit
1139 3726 1281 3789 aspectus;
1296 3734 1358 3773 nam
1373 3733 1434 3774 eum
1448 3718 1576 3773 damnare
1589 3727 1697 3789 pararet

1015 3809 1133 3866 Crimina
1148 3818 1280 3865 terrarum
1292 3809 1459 3879 flammisque
1477 3808 1586 3864 abolere
1599 3819 1747 3865 nocentes:

1017 3899 1070 3954 Aut
1081 3913 1185 3963 versun,
1201 3906 1248 3953 aut
1260 3896 1367 3968 qualem
1379 3904 1459 3953 norat
1469 3912 1499 3953 se
1512 3912 1592 3968 posse
1605 3897 1703 3964 rideri,

1017 3991 1049 4047 Ut
1059 4006 1156 4048 nomen
1168 4003 1364 4059 numerumque
1377 3988 1511 4045 Abrabam
1525 3988 1642 4059 prodidit
1656 3988 1719 4060 ipsi.

1052 4080 1092 4137 llli
1106 4094 1222 4151 namque
1231 4079 1303 4136 dumi
1312 4079 1432 4135 llambre
1445 4079 1473 4134 in
1488 4079 1609 4135 cortralle
1622 4078 1742 4142 sedenti,

1018 4171 1086 4229 Tres
1095 4171 1184 4228 subito
1197 4176 1328 4241 apparent
1341 4178 1451 4239 angusta
1464 4170 1524 4226 luce
1537 4170 1677 4225 micantes.

1019 4264 1153 4319 Abrabam
1168 4261 1397 4317 tantistimnlatus
1410 4261 1524 4330 imagine
1534 4261 1616 4326 risus,

105 4399 110 4407 .
181 4342 440 4407 Addewlfflloe,
453 4341 733 4398 wlfiloblmmfflum
748 4340 829 4398 Ρῑῑθῐ
842 4341 929 4398 ulmus
980 4343 1375 4420 UPrucumisliominumque
1388 4349 1447 4406 solo
1457 4357 1608 4421 prostratus
1618 4348 1723 4417 adorat,

182 4433 310 4503 Alioquin
321 4431 446 4502 dignutus
455 4432 523 4499 adit,
534 4432 665 4502 iussitque
677 4439 815 4489 senectam

183 4525 288 4580 Uueere
300 4522 425 4588 lelioem,
437 4523 517 4578 simul
529 4531 558 4578 et
569 4523 700 4593 promissa
714 4523 839 4591 revolvit,

182 4612 289 4669 Etcum
301 4611 452 4669 mercedem
465 4620 624 4682 exspectet,
638 4620 695 4668 tum
704 4628 819 4684 corpore
833 4629 920 4684 pruno

183 4705 286 4761 Abram
298 4703 455 4776 suppliciter
467 4704 611 4761 Dominum
628 4715 778 4777 prostratus
793 4707 898 4763 adorat.

183 4797 274 4866 Aque
286 4810 352 4851 mox
362 4794 438 4851 audit
450 4795 554 4851 ilrmata
567 4810 634 4855 roce
644 4796 762 4854 futurum

184 4885 222 4941 Se
236 4892 340 4954 patrem
348 4884 495 4939 innumere
506 4885 603 4953 gentis,
619 4886 725 4955 lateque
736 4888 865 4957 patentis,

183 4972 219 5031 Et
231 4973 307 5043 euius
317 4973 427 5029 veniant
438 4974 520 5029 etiam
533 4976 679 5031 desemine
690 4989 777 5046 reges.

184 5064 245 5121 Uoc
257 5072 347 5121 tamm
361 5078 377 5119 a
390 5061 500 5135 reliquis
510 5063 602 5135 iusum
614 5066 767 5125 dbeernrrc
779 5068 857 5138 signu

184 5155 309 5211 Ebraesm
321 5163 428 5225 gentem
438 5155 555 5226 populis,
569 5165 600 5211 us
611 5166 706 5227 sponte
719 5168 822 5216 resecta

185 5246 275 5302 Curuae
287 5259 453 5317 superuacua
467 5260 497 5301 se
509 5246 689 5315 Umumcidat,
703 5255 731 5304 et
740 5262 848 5305 umnmu

185 5336 315 5394 ilaseulei
326 5351 407 5393 sexus
419 5344 633 5407 precantemque
646 5346 728 5407 atque
741 5337 856 5395 loturum

187 5425 367 5495 Progeniem,
380 5425 469 5495 iussus
481 5440 580 5497 pueros
592 5440 609 5482 a
621 5434 709 5483 matre
720 5437 851 5493 recentes,

187 5515 278 5584 Atque
291 5515 373 5570 rudes
385 5514 463 5582 uta,
476 5516 540 5571 dum
554 5530 630 5572 mens
643 5516 734 5585 ignara
746 5517 854 5573 dolendi
868 5526 918 5583 cst,

189 5604 326 5675 Praeputiu
339 5612 446 5672 exutos,
460 5615 556 5662 octaua
571 5607 630 5663 luce
641 5620 757 5662 sacrare.

1020 4441 1140 4510 Tresque
1154 4440 1236 4496 etiam
1249 4438 1361 4511 supplex
1374 4439 1459 4494 lorum
1473 4447 1616 4493 veneretur
1628 4438 1655 4492 iu
1667 4453 1720 4493 una
1733 4455 1742 4491 τ

1019 4530 1086 4597 Quis
1099 4537 1129 4585 nt
1141 4537 1233 4585 mente
1247 4528 1291 4599 pia
1305 4528 1384 4583 liceat
1397 4526 1510 4593 servire,
1526 4532 1661 4596 precatur,

1022 4618 1055 4673 Et
1067 4618 1151 4682 relici,
1169 4619 1196 4673 in
1209 4618 1313 4674 medios
1328 4623 1410 4672 aestus
1425 4614 1597 4671 tendentibus
1610 4613 1700 4679 boris,

1021 4708 1080 4765 Nun
1093 4709 1271 4780 dedignentur
1284 4706 1376 4762 lamuli
1386 4706 1540 4775 mensisque
1551 4704 1682 4773 cibisque.

1023 4798 1113 4868 Usque
1126 4799 1194 4854 adeo
1204 4798 1277 4853 risus
1286 4798 1357 4852 inter
1369 4809 1516 4864 sensusque
1529 4795 1659 4864 rigentes,

1023 4889 1134 4944 Errabat
1147 4887 1284 4952 dubitans,
1294 4887 1412 4943 bominis
1423 4885 1570 4942 substantia
1582 4900 1616 4940 an
1628 4894 1710 4949 esset,

1022 4978 1108 5046 Quem
1118 4985 1197 5033 norat
1207 4990 1285 5031 meus
1297 4990 1358 5032 esse
1370 4975 1473 5032 lienum
1490 4983 1579 5030 tamen
1592 4976 1686 5030 annuit
1699 4974 1754 5040 ille,

1021 5067 1197 5136 Uliiciumque
1210 5067 1247 5137 pii
1261 5080 1316 5120 non
1327 5074 1485 5135 aspernatus
1501 5066 1612 5130 alumni,

1022 5158 1184 5227 oblatusque
1196 5157 1286 5221 eibos,
1300 5170 1462 5226 mensasque
1474 5157 1592 5213 sacrarit
1605 5156 1714 5212 amicas.

1025 5248 1060 5305 Ut
1072 5264 1148 5315 rere,
1163 5248 1259 5304 ablatis
1272 5248 1358 5318 epulis
1371 5247 1528 5317 mensisque
1543 5248 1664 5311 remotis,

1024 5340 1180 5412 Hospitibus
1193 5340 1279 5395 uisum
1290 5345 1334 5394 est
1346 5338 1418 5394 illinc
1430 5338 1580 5403 discedere,
1596 5346 1652 5392 tum
1663 5352 1726 5392 mox

1025 5431 1088 5485 inde
1100 5444 1212 5486 merens
1224 5443 1342 5500 messus,
1356 5427 1432 5483 lateri
1447 5441 1540 5483 comes
1552 5426 1635 5481 haeret
1648 5433 1757 5481 sontum
1790 5438 1804 5465 ⁸

1026 5518 1130 5587 liospes
1142 5532 1235 5584 oram,
1251 5517 1373 5586 tristique
1384 5515 1472 5585 quatit
1485 5528 1614 5570 concussa
1624 5528 1724 5584 pauore

1029 5608 1150 5670 Pectora,
1165 5616 1193 5662 et
1207 5610 1349 5663 attonitum
1363 5605 1523 5662 venerabilis
1536 5606 1647 5661 attrabit
1658 5607 1762 5663 horror.
