4034 6184
252 353 320 410 thir

249 464 424 527 Perdiderant
438 464 523 537 plebis
536 465 668 537 nigrantia
681 465 762 524 dorsa
772 467 885 538 supinis.

250 560 301 616 Ast
314 559 395 615 adam
408 560 507 614 adroso
520 557 662 615 detonsam
673 557 776 629 cespite
789 559 858 616 tristi

248 647 388 704 Nudamnt
397 652 518 704 armenta
531 646 612 717 fame,
625 662 764 720 propeque
790 656 932 706 meantum

248 737 303 794 (ira
316 738 398 794 boum
412 737 577 795 abmolemnt
590 738 645 794 lete
658 737 761 795 eburis
774 739 910 796 amictum.

249 831 364 888 Roscida
378 830 443 887 dum
456 830 549 902 patulo
562 839 709 901 carpuntur
721 830 842 901 gmmfua
854 846 946 888 morsu

248 919 371 977 Curvatas
382 918 416 975 ad
430 918 522 976 fauces
534 927 649 976 attracta
667 918 811 988 aspredine
822 919 920 990 huense

247 1009 350 1067 Previa
363 1024 423 1081 que
437 1018 544 1068 teneram
555 1010 711 1068 allambens
724 1010 826 1080 colligit
838 1011 947 1076 herbas,

247 1098 285 1157 Ut
297 1099 409 1156 densata
421 1099 493 1158 avidi
505 1099 644 1157 srrccidam
657 1098 756 1171 pahula
770 1099 875 1157 dentes.

246 1191 303 1248 Nec
315 1192 404 1248 minus
417 1192 548 1264 impresso
561 1192 724 1265 protriverat
736 1191 835 1261 ungue
846 1207 931 1250 cornu

245 1282 354 1341 illidens
365 1284 461 1341 crebro
472 1283 616 1343 viridantia
629 1284 751 1354 permina
762 1285 842 1356 pulsu
854 1303 860 1339 :

192 1417 195 1424 .
245 1374 353 1431 Partem
363 1375 443 1430 aliam
454 1374 529 1431 illesi
542 1383 700 1431 vernantem
710 1376 812 1447 cespite
824 1378 911 1448 campi

244 1464 364 1523 Ornahat
377 1465 453 1522 verm
466 1481 576 1522 mmcns
589 1475 685 1522 natura
697 1466 806 1523 decoro.

246 1554 371 1613 Undahat
382 1557 456 1613 tenui
468 1556 610 1613 rlridantia
621 1558 743 1628 ssmmina
753 1557 828 1622 datu,

244 1646 430 1719 impulsaeque
443 1646 510 1704 levis
522 1647 645 1704 motshat
657 1647 767 1719 spiritus
780 1647 887 1704 herbas.

242 1736 355 1809 iusuper
367 1736 501 1793 innumeri
513 1750 563 1808 per
574 1735 656 1808 plana
663 1736 781 1807 jacentia
794 1735 876 1793 flores

244 1826 372 1885 liistIucta
387 1826 496 1905 insertis
508 1827 655 1899 pingebant
666 1842 775 1898 mquma
788 1827 910 1895 gemmis.

242 1918 300 1976 llos
313 1932 393 1976 roseo
407 1916 528 1976 inficiens
542 1919 662 1989 tingebat
675 1934 793 1991 purpura
806 1919 879 1987 fuco,

242 2008 292 2065 Ast
305 2009 353 2066 alii
365 2009 445 2066 nicee
459 2009 578 2080 insignes
594 2009 711 2067 candore
724 2011 855 2077 nitebant,

242 2100 314 2156 inter
326 2114 395 2171 quos
407 2100 510 2157 croceis
523 2099 689 2168 distinguens
702 2100 822 2168 gramim
832 2100 916 2171 signis

243 2188 332 2246 hnres
345 2187 474 2246 datorum
487 2188 616 2246 rutilabat
625 2189 711 2259 qratia
725 2188 831 2246 florum.

243 2278 364 2336 Currant
373 2294 515 2351 purpureae
530 2279 692 2349 gemmantia
705 2280 789 2349 parmi
802 2295 824 2335 .a
834 2288 925 2351 gutte,

241 2368 450 2441 flectebantque
464 2371 562 2427 herbas
576 2369 712 2429 humentis
725 2370 835 2426 succida
852 2370 935 2434 roris:

239 2457 357 2515 Blandus
370 2460 437 2515 odor
449 2466 555 2529 gratum
571 2467 678 2515 certans
690 2473 798 2530 aequare
811 2458 940 2526 colorem,

239 2549 408 2607 Permiscere
421 2549 530 2619 paribus
542 2548 688 2605 concordia
697 2548 792 2617 gaudia
802 2545 904 2615 fonnis,

237 2640 370 2697 Paseebat
384 2640 474 2711 specie
483 2640 580 2706 risum,
599 2639 744 2710 spiramine
758 2653 852 2711 nares;

237 2730 397 2788 Prmhcbant
410 2744 479 2786 rare
490 2737 617 2801 pergrata
632 2728 787 2785 umbracula
802 2726 919 2797 irondes,

237 2821 395 2893 Caerumque
408 2820 532 2892 implexis
545 2819 677 2877 numhant
685 2818 796 2876 brachia
809 2820 909 2886 raruis;

237 2915 385 2980 Certabant
397 2921 475 2971 tectae
484 2912 556 2969 foliis
567 2925 681 2968 vernare
692 2911 816 2968 volucres

237 3007 339 3066 llusioa
354 3004 502 3067 dulcisonis
515 3004 687 3060 moderantes
704 3002 780 3058 sibila
793 3001 900 3074 hugonis.

238 3095 324 3153 Purus
336 3095 439 3152 vicinas
449 3090 578 3166 pascebat
590 3092 692 3150 rivulum
705 3091 804 3148 herbas

812 353 843 410 h.
863 352 998 413 lauteri
1019 354 1317 423 PleilCOltltlfiliSlS.

1050 471 1077 533 Δ
1090 471 1251 543 Virginibus,
1267 477 1382 535 thalami
1395 478 1438 537 vel
1451 482 1542 541 carnis
1550 482 1611 555 lura
1623 487 1776 546 remittens.

1817 376 1885 434 ihil

1094 563 1194 622 ilerum
1207 568 1253 624 uhi
1266 568 1397 626 lascivum
1409 586 1516 631 rursum
1529 575 1650 633 redivina
1661 571 1788 652 uoluptas

1091 653 1214 728 occoepit
1226 657 1366 716 stimulare
1380 662 1508 732 animum,
1521 666 1682 739 penitusque
1691 670 1818 729 medullis

1090 746 1187 805 indere
1198 752 1346 822 contempti
1360 754 1485 811 mortalia
1493 759 1590 814 merda
1599 762 1702 830 mundi,

1091 837 1142 894 Vir
1155 840 1322 910 prelibatum
1332 844 1443 916 cupiens
1452 846 1543 904 laxare
1556 850 1685 921 rigerem,

1091 927 1195 986 Rursus
1208 932 1235 987 in
1246 933 1385 1004 amplexus
1397 945 1540 1006 nuptorum
1551 946 1579 995 et
1592 950 1656 998 rota
1669 957 1813 1002 reconem

1090 1018 1157 1077 Post
1169 1024 1294 1080 monachi
1309 1026 1402 1082 titulos
1418 1043 1516 1085 nomen
1529 1044 1659 1089 resecare
1671 1035 1770 1091 mariti.

1090 1111 1160 1180 Quin
1173 1121 1202 1170 et
1212 1113 1351 1172 doctorem
1365 1117 1461 1176 crebro
1475 1121 1584 1192 pubere
1595 1124 1710 1180 tumultu

1088 1202 1249 1273 dfflredftur
1263 1206 1330 1263 tales
1342 1209 1470 1278 precibus
1483 1211 1623 1271 miscendo
1632 1217 1774 1284 quercias:

1088 1291 1118 1348 si
1131 1293 1197 1350 mibi
1208 1296 1327 1365 coniugii
1335 1297 1461 1356 Christus
1473 1302 1569 1358 solatia
1582 1313 1701 1374 prestat,

1087 1380 1216 1454 Dignatus
1229 1387 1352 1443 thalamis
1364 1387 1499 1447 diversum
1513 1392 1660 1452 adnectere
1668 1411 1787 1468 sensum,

1088 1472 1153 1541 Quis
1161 1475 1251 1546 rapiet
1260 1477 1325 1532 mihi
1336 1478 1407 1534 dona
1418 1477 1489 1539 lleil
1505 1482 1750 1554 qoisjurenorelfo

1088 1565 1204 1623 Audebit
1216 1568 1333 1640 priscam
1344 1569 1449 1627 Domini
1462 1572 1614 1631 conuellere
1623 1575 1733 1646 legeml

1122 1657 1198 1714 'falia
1208 1660 1338 1731 precipiti
1353 1661 1523 1735 frangentem
1536 1680 1673 1724 murmure
1685 1684 1793 1728 sensum

1086 1746 1175 1805 liitius
1190 1750 1342 1821 aggredhm
1350 1753 1437 1810 sancti
1449 1754 1582 1811 medicina
1595 1760 1713 1828 patrem.

1048 1833 1142 1910 unte,
1157 1856 1216 1912 age,
1230 1846 1373 1915 preteritae
1384 1848 1484 1904 recolis
1497 1849 1520 1905 si
1534 1857 1656 1923 tempora
1671 1854 1751 1921 vitto.

1085 1933 1127 1989 An
1139 1933 1236 1991 collata
1246 1936 1304 1992 acie
1313 1952 1385 1994 sero
1401 1937 1554 1997 condixeris
1564 1944 1635 1999 hosti
1648 1946 1661 2001 t

1085 2023 1163 2092 Quod
1175 2025 1238 2095 quia
1250 2028 1398 2098 percrebro
1409 2028 1508 2086 factum
1519 2033 1701 2092 reminisceris
1712 2036 1783 2093 idem

1085 2114 1198 2186 Respice
1212 2112 1275 2173 num
1289 2119 1371 2176 lituos
1385 2120 1456 2177 inter
1465 2121 1509 2179 vel
1522 2124 1633 2181 classica
1643 2126 1718 2197 belii,

1083 2204 1194 2278 Pilaque
1205 2208 1328 2266 terribeis
1340 2221 1506 2283 pugnantum
1519 2214 1621 2272 intenta
1635 2216 1753 2290 lacertis,

1082 2293 1276 2369 districtusque
1285 2313 1375 2366 enses,
1389 2310 1501 2373 accepto
1514 2310 1543 2359 ct
1554 2306 1659 2375 turgida
1671 2306 1737 2365 datu

1081 2383 1184 2452 Serica,
1197 2397 1353 2460 serpentum
1362 2390 1449 2463 spiras
1460 2392 1564 2449 imitata
1577 2396 1620 2451 vel
1634 2395 1698 2464 iras,

1081 2477 1180 2534 Bellica
1191 2478 1323 2537 femineus
1336 2483 1484 2554 turpaverit
1496 2486 1601 2554 aquina
1615 2491 1718 2546 sexus?

1080 2566 1147 2635 Quis
1157 2569 1239 2626 scutis
1249 2570 1282 2625 ad
1292 2586 1375 2642 pensa
1384 2572 1468 2641 locus,
1479 2576 1539 2645 quis
1551 2576 1585 2632 ad
1598 2592 1672 2634 arma
1680 2580 1796 2650 puellis?

1079 2658 1168 2717 Leria
1179 2678 1241 2719 nam
1256 2663 1346 2720 decuit
1357 2668 1491 2738 respersio
1505 2668 1623 2739 pulveris
1634 2686 1681 2726 ora
1695 2673 1707 2726 i

1078 2752 1192 2821 Quodsi
1205 2757 1316 2812 terrenis
1326 2773 1381 2817 oon
1394 2768 1456 2818 sunt
1469 2760 1527 2817 hec
1540 2774 1658 2831 congrua
1671 2763 1776 2827 castris,

1077 2843 1226 2916 Quidquam
1241 2854 1270 2903 ut
1283 2847 1427 2906 femineum
1440 2850 1534 2910 deceat
1545 2853 1642 2910 vexilla
1654 2854 1772 2911 virorum
1785 2874 1793 2911 z

1077 2933 1147 2992 lium
1161 2937 1209 2993 tibi
1222 2939 1350 2995 continuo
1361 2939 1461 2997 bellum
1473 2943 1572 2999 sudore
1585 2943 1690 3013 gerenti

1076 3024 1136 3083 Non
1151 3040 1229 3097 mage
1242 3029 1330 3100 turpis
1342 3029 1394 3088 erit
1406 3032 1490 3102 spreti
1503 3033 1647 3103 permixtio
1660 3049 1743 3092 serus

1076 3113 1209 3187 'fcmpore
1222 3116 1341 3188 desidiae,
1357 3117 1439 3176 talem
1452 3120 1551 3177 lasciva
1565 3123 1690 3193 voluptas

236 3187 419 3261 Giiffliffliliffi
432 3185 535 3255 ³¹¹³P³⁰
548 3184 683 3252 Similem
694 3183 808 3238 humm
821 3182 939 3239 ‘wibm-
1038 3196 1062 3261 C
1076 3203 1197 3261 inveniat
1211 3205 1322 3264 ridenda
1336 3209 1458 3266 cherum
1477 3207 1546 3265 Cum
1559 3226 1624 3268 rero
1639 3213 1729 3269 viriles

236 3275 376 3348 Perspicui
389 3274 482 3337 subter
491 3274 550 3329 risu
561 3280 720 3347 penetrante
734 3270 819 3343 lapilli

234 3362 396 3434 crispabant
404 3361 504 3422 vitreas
514 3359 669 3433 perblanda
683 3360 819 3416 obstacula
833 3361 965 3431 lymphas.

234 3453 291 3513 Nec
300 3458 409 3525 poterat
417 3465 535 3507 mersum
549 3464 584 3507 cx
595 3449 680 3506 oculis
692 3448 797 3506 auferre
807 3450 934 3506 decorem

233 3542 329 3599 Pereia
342 3541 487 3598 lundnlbus
499 3540 604 3613 specics
623 3548 651 3597 et
663 3540 768 3611 gurgite
781 3546 864 3597 tecta

236 3635 306 3704 Quid
318 3634 430 3692 mdihus
440 3649 526 3690 conor
538 3633 637 3690 formas
650 3632 756 3703 signare
769 3632 903 3703 loqnclisl

234 3727 361 3801 Exproml
371 3728 429 3784 hec
441 3727 531 3784 rerbls
542 3733 690 3796 nequeunt,
706 3739 765 3795 qnae
784 3740 896 3783 munere
904 3724 1003 3783 Christi

232 3816 360 3889 Efiipians
372 3818 469 3874 melius
478 3823 580 3873 naturas
593 3817 680 3886 qratia
693 3815 788 3886 pinxit.

231 3907 307 3966 ilaue
319 3908 402 3979 igitur
413 3907 533 3980 speciem
545 3907 698 3964 distinctam
710 3905 817 3978 dispare
831 3906 917 3966 lomna

232 4000 372 4072 aspiciens
383 3998 513 4057 liartinus
527 3998 577 4061 ait,
585 3996 715 4054 Conferre
725 4013 870 4071 parumper

230 4090 349 4163 Depreti,
364 4089 464 4155 effossi,
479 4089 554 4145 illesi
568 4087 626 4143 loca
639 4087 741 4156 singula
756 4090 826 4159 prati

229 4181 387 4239 scortorum
401 4178 507 4245 sceleri,
522 4177 565 4231 vel
574 4175 649 4246 lusto
662 4174 763 4232 tedere
772 4178 864 4248 nuptis

229 4268 404 4341 Coniugibus,
418 4266 462 4322 vei
476 4264 696 4335 virginibusque
710 4279 825 4337 corpora
838 4265 947 4325 Christo

229 4360 327 4418 sancta
340 4363 441 4414 vorent
454 4356 526 4412 rosei
535 4355 647 4425 gemmis
656 4362 750 4411 ornata
763 4357 882 4428 pudoris.

229 4449 265 4506 lit
277 4447 390 4506 suffossa
401 4448 456 4505 illle
467 4447 573 4519 species
584 4461 639 4503 nen
655 4456 794 4519 pennanet
808 4449 875 4517 agri,

228 4540 317 4597 llhlita
330 4541 370 4598 sic
382 4541 454 4598 vitiis
466 4538 567 4598 Christi
581 4555 636 4596 non
650 4539 733 4610 fulget
742 4540 842 4611 imago.

228 4630 264 4688 llt
277 4632 352 4689 radis
361 4630 486 4692 hicsalra
500 4638 602 4699 manet,
617 4626 665 4688 sed
674 4632 794 4700 gramine
807 4641 891 4697 secto,

226 4722 272 4781 Sic
283 4723 371 4795 nuptis
380 4731 422 4777 cst
434 4729 492 4779 tuta
507 4720 573 4778 fides
583 4722 642 4778 sine
655 4720 723 4778 flore
734 4723 854 4792 pudoris.

227 4812 263 4869 llt
276 4812 352 4870 color
365 4820 447 4883 atque
463 4812 535 4868 nitor
547 4813 653 4869 florenti
667 4812 760 4868 reddet
773 4813 801 4868 in
816 4826 891 4882 agm,

224 4902 317 4962 Gloria
328 4902 368 4958 sic
381 4916 455 4973 purac
467 4900 579 4971 fulgebit
592 4902 679 4959 lueida
693 4903 790 4969 carnis,

224 4995 300 5053 'falia
314 4993 448 5066 perspicui
458 4991 548 5049 dantis
564 4993 724 5050 docuruenta
734 4995 834 5064 rigoris

224 5087 327 5143 Attenti
341 5094 368 5141 et
379 5099 487 5157 semper
500 5082 588 5139 divina
598 5085 632 5141 ad
642 5088 751 5157 premia
769 5089 868 5147 cordis.

145 5217 148 5223 ,
258 5176 372 5246 Quidam
386 5174 452 5231 adiit
464 5175 612 5231 monachus
630 5177 752 5249 neglecto
774 5179 828 5235 hoc
842 5181 950 5236 nomine
965 5181 1014 5235 ad-

871 5285 915 5327 em
934 5279 979 5327 tus

222 5362 327 5433 liilitia,
337 5363 383 5435 qui
395 5370 456 5434 post
468 5362 550 5419 lituos
561 5360 708 5419 etclassioa
722 5365 786 5420 belli
852 5268 862 5344 [
917 5286 934 5341 l)

221 5462 365 5519 bialluerat
377 5462 432 5519 reri
443 5461 526 5530 signis
538 5475 568 5518 se
579 5460 677 5517 dedere
687 5463 767 5530 regis,

222 5561 318 5632 Magna
331 5562 419 5620 crucis
432 5569 532 5619 sancte
543 5561 639 5617 melius
652 5561 749 5617 vexilla
763 5570 881 5619 sectum.

223 5662 292 5731 Quin
307 5672 336 5725 et
349 5673 501 5723 consortem
512 5665 620 5722 thalami
633 5663 667 5721 ad
682 5663 794 5735 collegia
808 5665 871 5722 vite

223 5762 361 5831 illiciens,
375 5764 475 5827 sociam
489 5766 589 5825 sanctis
597 5775 762 5839 praeceperat
776 5781 836 5827 esse

1075 3294 1106 3351 ln
1119 3311 1229 3369 campos
1237 3307 1382 3369 properant
1395 3299 1477 3367 acies,
1490 3299 1643 3371 ferrataque
1655 3302 1747 3360 lucent

1076 3385 1200 3455 Agmina,
1212 3387 1341 3445 femineas
1353 3387 1498 3445 defendant
1509 3391 1608 3446 menia
1618 3392 1721 3458 turbas,

1074 3476 1224 3552 divisasque
1237 3481 1318 3539 armis
1330 3480 1457 3543 studeant
1467 3497 1498 3539 se
1511 3482 1635 3540 claudere
1644 3485 1740 3556 portis.

1074 3567 1126 3637 out
1139 3585 1205 3627 rero
1215 3571 1249 3627 ad
1263 3571 1362 3629 bellum
1378 3580 1516 3644 properat,
1531 3573 1629 3628 solatia
1642 3581 1753 3630 temnat

1109 3658 1219 3717 Talibus
1232 3659 1340 3717 effreme
1351 3662 1455 3717 sanarit
1466 3661 1563 3732 gaudia
1576 3663 1675 3720 mentis

1073 3748 1283 3820 compositeque
1296 3749 1370 3807 dedit
1383 3765 1489 3806 rursum
1502 3764 1573 3807 nora
1581 3750 1677 3821 gaudia
1691 3749 1790 3821 cordis,

1072 3837 1278 3911 Pugnacemquc
1291 3841 1378 3896 virum
1391 3856 1452 3897 cum
1465 3855 1532 3911 pace
1545 3840 1580 3896 ad
1593 3841 1663 3897 bella
1677 3843 1788 3898 remisit.

1107 3927 1166 3984 lam
1181 3945 1246 3986 rere
1260 3928 1313 3987 hoc
1326 3931 1450 4001 quisnam
1461 3930 1541 4001 digne
1552 3944 1709 4002 percurrere
1723 3934 1807 4002 possit

1072 4020 1138 4076 Tam
1152 4019 1266 4076 docilem
1280 4020 1383 4076 emerit
1396 4021 1525 4093 patientia
1538 4030 1638 4092 quanta
1649 4022 1791 4092 leporem?

1071 4111 1153 4168 Forte
1166 4112 1236 4169 inter
1250 4120 1358 4168 sanctas
1372 4121 1400 4167 ct
1413 4112 1495 4169 corde
1505 4122 1533 4168 et
1543 4128 1626 4170 carne
1639 4113 1742 4185 puellas

1071 4205 1197 4277 Perpetui
1210 4219 1316 4275 semper
1328 4204 1461 4275 pretiosas
1473 4204 1540 4262 flore
1551 4205 1673 4276 pudoris,

1070 4296 1171 4352 innuba
1185 4312 1252 4368 quas
1266 4297 1379 4354 Dourino
1393 4298 1511 4353 sociarat
1524 4296 1615 4353 dedita
1627 4294 1735 4352 Christo

1070 4387 1224 4457 Virginitas,
1238 4403 1307 4444 nexu
1319 4389 1426 4456 mentis,
1440 4404 1494 4444 non
1508 4386 1609 4444 foedere
1621 4389 1720 4448 carnis.

1071 4476 1205 4531 Virtutum
1220 4477 1342 4549 quedam
1355 4478 1444 4534 studio
1458 4485 1632 4548 praecesserat
1645 4491 1752 4544 onmes,

1030 4540 1058 4602 D
1069 4569 1127 4625 iloc
1135 4569 1252 4641 speciale
1266 4568 1350 4627 decus
1363 4569 1447 4632 titulis
1460 4568 1582 4625 addendo
1591 4568 1711 4641 pudoris,

1068 4659 1145 4728 Quod
1155 4663 1239 4719 semel
1251 4678 1286 4719 cx
1298 4663 1384 4719 oculis
1394 4672 1552 4726 ermetorum
1565 4671 1655 4718 amota
1669 4662 1787 4717 rimrum

1067 4752 1199 4810 Servahat
1211 4762 1329 4825 ceptum
1343 4753 1478 4811 constanti
1488 4752 1571 4810 corde
1582 4753 1708 4829 rigorem,

1066 4847 1122 4902 Nec
1135 4845 1201 4903 levis
1211 4844 1327 4901 instabili
1342 4845 1454 4901 nutabat
1464 4844 1563 4904 femina
1578 4861 1659 4903 sensu

1065 4938 1183 5001 vincens
1194 4935 1342 5006 ingenitum
1356 4937 1462 4992 virtutis
1474 4934 1596 5008 pondere
1608 4951 1713 4999 sexum,

1065 5029 1100 5084 m
1111 5044 1319 5102 pregressorum
1333 5029 1377 5085 via
1390 5045 1451 5086 rara
1465 5030 1589 5102 exempla
1603 5030 1731 5086 rherum.

1065 5120 1151 5190 liujus
1160 5119 1291 5191 prepositi
1301 5118 1373 5189 justa
1388 5119 1531 5177 admiratio
1545 5130 1668 5177 sanctum

1066 5208 1196 5281 Perpulit‚
1211 5218 1241 5265 ut
1253 5209 1336 5265 talem
1350 5220 1423 5265 recte
1437 5222 1580 5267 veneratus
1592 5209 1687 5280 adiret,

1064 5304 1172 5359 illectus
1186 5304 1262 5359 lanto
1275 5302 1404 5358 virtutum
1415 5300 1481 5358 flore
1489 5301 1605 5375 puelle:

1067 5396 1166 5457 Verum
1177 5394 1214 5450 ita
1223 5393 1356 5451 constanti
1369 5392 1457 5449 delixa
1467 5393 1494 5449 in
1508 5400 1618 5464 pectore
1633 5394 1733 5450 mansit

1065 5484 1126 5545 lam
1137 5484 1251 5540 Domine
1264 5483 1362 5540 devota
1374 5483 1439 5539 fides
1452 5503 1458 5538 :
1475 5490 1504 5539 ut
1513 5482 1628 5539 claustra
1643 5484 1754 5559 pudoris

1067 5579 1148 5650 Septa
1160 5577 1224 5633 viris
1235 5577 1315 5633 clare
1327 5578 1420 5634 titulos
1432 5575 1565 5634 servantia
1579 5576 1676 5647 palme

1067 5671 1123 5727 Nec
1139 5671 1205 5727 tanti
1217 5680 1309 5743 posset
1322 5671 1447 5727 meritum
1461 5682 1583 5724 reserare
1595 5669 1712 5739 patroni.

1068 5765 1122 5823 tlec
1136 5774 1226 5824 temen
1240 5762 1347 5827 eruhuit
1364 5761 1481 5819 votivam
1495 5758 1566 5817 ferre
1579 5760 1714 5834 repulsam
