4034 6184
225 273 266 334 iis
734 267 763 325 S.
783 261 955 320 PAULINUS
973 260 1133 318 mutnus
1151 261 1349 322 EPlsciiPlls.
1819 272 1863 330 aa

222 406 258 450 se
266 394 406 460 receperat
419 384 555 448 Paulinus,
566 379 779 454 pertluliauum
788 394 867 435 snum
880 376 1018 433 hominem
1031 377 1056 437 A
1072 392 1146 434 mum
1160 380 1366 450 nonagesimum
1380 389 1517 450 quartum,
1532 382 1594 440 rute
1608 397 1718 441 neeesse
1731 386 1864 448 hahemus

135 499 136 502 =
228 478 263 536 Aa
282 474 445 544 Carthagine
467 468 693 528 reuertentemei
718 467 828 524 sedilia
840 475 904 523 sunt
927 465 1016 538 Alypii
1071 465 1163 523 dicere
1169 466 1225 536 iarn
1237 478 1294 523 tum
1306 469 1471 539 tempurrhus
1485 471 1717 529 istisNolamsese
1727 477 1865 546 recepisse

229 557 871 635 litterat‚quihmamicitismcnnsoiungeset;
883 556 1020 626 etiamque
1072 555 1223 614 Paulinum.
1240 559 1337 616 llerito
1350 560 1432 616 etiam
1452 562 1514 631 quis
1536 573 1629 636 posset
1641 565 1752 622 credere
1766 568 1793 623 in
1816 569 1865 625 illa

231 659 266 713 ab
277 671 311 712 eo
320 655 423 727 aooepit
434 652 573 723 Augustini
583 650 680 707 librum
694 650 728 706 dc
742 649 811 705 Vera
825 648 976 720 Religionc,
991 655 1020 704 et
1071 647 1138 703 urhe
1150 662 1212 703 eum
1224 658 1420 706 commoratum
1439 652 1522 708 tuisse
1535 654 1578 709 tel
1602 654 1661 724 ipsu
1674 669 1747 712 anuo
1757 666 1866 714 trecen·

231 746 351 816 eiusdem
371 730 440 800 alios
448 749 566 814 quatuor
575 742 703 798 aduersus
714 739 919 796 llaoiciumorum
932 740 1018 796 harre·
1072 737 1169 793 tesimo
1184 739 1360 808 nonagesimo
1375 741 1464 804 tertio
1476 741 1717 814 presbyterumque
1727 745 1808 802 luisse
1820 763 1868 803 or-

230 850 285 892 ses.
299 834 385 891 Simul
399 832 539 888 Paulinum
548 829 828 902 rugabatAlypius'ut
841 828 892 885 sihi
902 828 1021 885 mitteret
1072 826 1192 883 dinatum
1216 842 1289 883 anuo
1302 826 1363 883 ³92
1379 829 1433 885 Sed
1455 831 1599 890 maluimus
1618 849 1680 890 eum
1702 833 1819 893 Barouio
1835 846 1867 895 et

233 935 246 965 ·
265 923 372 980 Eusehii
393 921 428 978 de
451 921 554 978 eunetis
572 919 738 989 tempor-ihus
761 918 919 982 historiam,
939 932 1022 987 quam
1072 912 1207 970 Chiilletio
1217 913 1245 970 iil
1258 914 1371 984 rejicere
1381 917 1408 971 in
1422 932 1522 973 anunm
1535 929 1704 989 sequentem,
1716 923 1866 993 qusiaride-

139 1078 143 1087 ,
232 1012 327 1070 Roma
338 1011 409 1083 apud
427 1010 604 1067 liomnionem
618 1003 758 1079 reperiret.
778 1006 819 1063 lix
831 1007 1024 1078 quihusappa·
1053 1003 1055 1007 ’
1074 1014 1119 1062 tur
1132 1005 1256 1078 Alypium
1267 1007 1385 1064 voluisse
1398 1022 1460 1065 cum
1482 1024 1516 1066 eo
1527 1010 1643 1081 iungere
1656 1013 1804 1072 amicitiam
1819 1016 1865 1073 uhi

233 1108 278 1159 ret
291 1101 416 1173 Alypium
429 1097 574 1157 credidisse
586 1096 727 1153 Paulinum
741 1112 794 1152 non
807 1104 872 1153 tune
885 1094 914 1150 iu
926 1094 1024 1166 liispa·
1074 1097 1183 1153 rescivit
1193 1111 1254 1152 eom
1265 1096 1360 1153 Nolam
1373 1097 1542 1155 adventasse.
1553 1099 1632 1169 Quod
1641 1102 1665 1158 si
1673 1118 1781 1160 sacrum
1793 1121 1867 1178 pres·

233 1193 279 1249 uia
297 1191 385 1249 autin
403 1190 497 1247 Galliis
510 1189 617 1259 (legere,
637 1203 731 1245 rerum
756 1186 839 1253 Nola,
854 1194 902 1242 aut
920 1185 1024 1242 Rornae.
1076 1186 1215 1258 hyteratns
1229 1186 1351 1244 ordinem
1367 1186 1412 1245 die
1435 1188 1568 1245 dmutin'rca
1594 1192 1714 1263 suscepit
1736 1194 1865 1264 vigesima

233 1283 379 1340 *Aurelius
388 1281 606 1352 carthaginensis
617 1280 761 1351 episcopus
773 1278 808 1335 ati
817 1293 878 1335 eum
887 1279 937 1335 suh
950 1264 1023 1335 idem
1077 1277 1171 1347 quinta
1185 1276 1341 1334 Decembris
1353 1277 1408 1347 (lic,
1431 1293 1464 1334 ea
1476 1278 1521 1335 die
1540 1280 1633 1336 ineitlit
1645 1281 1781 1341 dominica
1793 1300 1868 1344 anno

234 1383 341 1445 tempus
351 1374 469 1445 scripsit,
481 1381 509 1429 et
518 1372 642 1442 quanm
654 1371 689 1428 tle
702 1371 852 1441 Augustino
865 1383 1028 1427 commemo·
1076 1366 1268 1424 trecentesimo
1281 1369 1455 1440 nonagesimo
1465 1372 1556 1438 tertio,
1568 1386 1622 1428 uon
1638 1387 1705 1430 roro
1718 1389 1790 1431 anno
1801 1374 1866 1433 sot.

235 1467 314 1522 ravit.
329 1477 342 1506 ⁰
355 1465 521 1522 Gratissima
545 1463 659 1521 Paulino
684 1462 791 1520 inerunt
813 1463 865 1519 tim
877 1462 984 1529 litterae,
998 1468 1028 1517 et
1079 1456 1151 1525 Quin
1175 1456 1258 1513 etiam
1272 1458 1359 1513 series
1372 1459 1521 1516 carminum
1542 1474 1603 1530 qua
1619 1461 1731 1530 singulis
1751 1465 1828 1522 annis
1840 1483 1868 1522 m

237 1556 317 1612 istam
329 1554 377 1612 liei
391 1555 539 1611 amisorum
561 1553 589 1610 in
602 1552 695 1622 ignoto
710 1553 777 1609 orhe
789 1566 854 1621 erga
867 1567 898 1610 se
909 1551 1029 1608 benero-
1079 1547 1212 1603 honorem
1223 1547 1254 1602 S.
1269 1546 1366 1604 l'elicis
1383 1548 1491 1620 scripsit
1501 1547 1637 1616 Paulinm
1650 1550 1729 1608 iacile
1742 1568 1776 1610 eo
1785 1554 1869 1611 noio

237 1644 348 1705 lentiam
361 1643 496 1715 reputavit
508 1641 517 1682 ¹
533 1641 587 1715 43
598 1643 713 1712 gratiam
730 1642 900 1699 retributoris
918 1641 965 1697 hei
978 1656 1029 1710 pro
1078 1653 1140 1694 com
1150 1637 1261 1693 historia
1274 1646 1426 1709 temporum
1438 1640 1571 1708 congrait.
1583 1639 1653 1696 llicit
1660 1641 1711 1697 sihi
1720 1643 1801 1699 luisse
1810 1651 1869 1700 tum

237 1733 414 1805 patrimoniis,
429 1732 515 1804 patria
533 1740 561 1789 et
573 1732 731 1803 parentibus
750 1732 809 1800 elus
826 1745 908 1788 eausa
925 1730 1026 1786 dereli-
1042 1732 1167 1795 nteam
1181 1734 1362 1798 etatemque
1373 1729 1422 1786 init
1434 1728 1545 1786 ohutlm
1558 1730 1592 1787 ah
1604 1733 1733 1802 apostolis
1747 1732 1827 1790 Petro
1840 1742 1870 1790 et

237 1825 298 1882 ctis.
309 1822 348 1880 lix
359 1834 524 1894 eotempore
534 1834 547 1870 t
559 1823 735 1892 Augustiunm
745 1831 774 1880 et
785 1823 947 1878 mimtusest
956 1821 1027 1878 mul·
1078 1818 1202 1876 iohanne
1215 1818 1242 1875 in
1265 1827 1344 1889 porta
1363 1818 1491 1890 Speciosa
1509 1827 1629 1888 sanatus,
1644 1835 1742 1893 nempe
1754 1822 1870 1893 quadra·

238 1921 342 1981 tnm,et
353 1920 495 1970 ueneratus
507 1920 549 1969 est
559 1913 740 1984 peramanter.
753 1911 901 1969 Accersivit
913 1909 928 1950 ¹¹
942 1911 1029 1968 iioma
1078 1908 1210 1979 gesimum
1223 1913 1253 1964 et
1263 1922 1344 1979 snpra
1367 1923 1467 1964 annum
1494 1925 1501 1963 :
1523 1906 1596 1965 node
1608 1910 1788 1967 conclusimus
1806 1926 1870 1967 eum

239 2003 350 2061 Eusehii
365 2003 399 2061 ds
415 2005 519 2061 mustis
543 2005 709 2075 importune
722 2004 861 2061 historiam
875 2003 965 2075 (unde
979 2003 1030 2060 luit
1079 2007 1172 2055 natum
1181 2013 1320 2056 wanno
1332 1999 1439 2056 circiter
1450 1999 1639 2056 trecentesimo
1648 2000 1871 2071 quinquagesimo

239 2094 417 2165 respondendi
430 2094 518 2166 moral
531 2109 612 2164 quam
619 2093 693 2152 misit
703 2093 822 2161 Aurelio,
837 2094 885 2166 (μή
896 2109 957 2150 eam
967 2093 1030 2150 retl-
1079 2090 1177 2158 tertiu;
1192 2090 1283 2159 itique
1296 2104 1368 2146 anno
1387 2104 1443 2145 uno
1456 2096 1515 2146 erat
1528 2089 1652 2161 superior
1664 2090 1814 2160 Augustino
1827 2090 1873 2147 die

240 2185 318 2241 ieret
331 2183 427 2256 Alypio
440 2184 475 2240 atl
496 2199 578 2254 quem
600 2199 653 2241 una
666 2183 740 2240 tletlit
762 2183 889 2240 Paulinus
910 2185 1030 2252 litteras,
1080 2180 1185 2237 decima
1195 2179 1275 2235 tertia
1286 2178 1446 2236 Novembris
1460 2179 1523 2235 anui
1537 2180 1719 2236 trecentesimi
1737 2181 1874 2250 quingua-

241 2291 300 2347 gua
314 2276 459 2333 etiamnum
484 2281 601 2341 emtant,
620 2275 648 2330 in
669 2274 767 2344 quihus
783 2262 906 2347 Alypium
920 2284 998 2344 rogat
1019 2275 1028 2315 ¹
1081 2269 1177 2340 gesimi
1189 2269 1279 2339 quarti
1303 2261 1379 2326 nato.
1394 2268 1424 2325 ln
1445 2269 1580 2327 natalibus
1593 2283 1657 2327 vero
1671 2271 1766 2326 anima
1780 2269 1848 2327 dicit
1857 2279 1874 2310 v

243 2374 273 2423 ut
285 2380 396 2422 omnem
407 2365 470 2420 ritu
482 2379 538 2421 sna
550 2365 690 2421 historiam
712 2365 764 2422 sihi
786 2364 898 2422 reserat.
912 2366 953 2422 At
967 2378 1033 2423 eum
1083 2362 1136 2419 sihi
1150 2370 1258 2432 tempus
1268 2361 1334 2418 illud
1347 2377 1408 2419 etse
1422 2362 1547 2430 inituim.
1562 2378 1632 2435 (1¹1².
1645 2364 1782 2422 intentatis
1794 2362 1875 2421 Chri-

244 2456 324 2512 etiam
339 2454 347 2506 i
362 2453 556 2533 misitpauem,
575 2469 655 2524 quesn
668 2455 737 2526 petit
754 2462 784 2512 ut
794 2456 909 2527 accipiat
921 2472 972 2527 pro
984 2472 1033 2513 eu-
1071 2454 1127 2512 sto
1139 2454 1306 2517 volneribus,
1320 2454 1457 2510 immolata
1471 2463 1499 2511 et
1510 2455 1670 2512 dominicam
1684 2458 1821 2528 auspicata
1832 2468 1876 2516 est

245 2542 334 2612 logia:
349 2541 421 2612 quot
439 2542 490 2598 luit
506 2540 520 2582 ἱ
534 2543 561 2598 ln
575 2558 651 2600 more
663 2543 780 2613 positum
796 2543 868 2614 sputi
881 2542 1030 2602 Paulinum.
1082 2544 1250 2617 passionem3
1265 2543 1320 2616 u
1340 2544 1437 2616 quihus
1449 2546 1540 2602 rerhis
1551 2554 1564 2584 ¹
1578 2545 1698 2603 iudicare
1711 2547 1818 2605 uidetur
1831 2549 1875 2606 in·

246 2633 419 2701 Augustinus,
434 2632 504 2704 apud
517 2647 598 2702 quem
609 2632 633 2689 is
644 2647 704 2689 mos
717 2648 772 2688 nou
784 2633 947 2699 obtinuerat,
962 2632 1034 2690 Pau·
1085 2635 1238 2691 nocentium
1258 2642 1382 2702 antem,
1407 2650 1504 2707 nempe
1522 2636 1676 2705 biennium,
1698 2647 1810 2709 propter
1828 2639 1877 2696 iila

247 2725 302 2780 lino
311 2731 402 2784 tamen
415 2720 427 2765 ¹
441 2726 515 2781 misit
527 2738 624 2796 panem
637 2739 698 2781 cum
713 2724 836 2795 epistola,
850 2724 878 2780 in
891 2723 968 2794 cultis
981 2724 1035 2781 line
1075 2724 1178 2791 uerita,
1194 2723 1327 2790 stimate,
1339 2732 1392 2781 ete.
1409 2724 1484 2781 tinto
1497 2733 1526 2781 et
1546 2724 1611 2781 illusi
1625 2725 1698 2796 quod
1712 2726 1773 2783 iuilt
1792 2728 1877 2784 tacui·

247 2821 315 2881 erat,
329 2812 495 2886 Positum
512 2814 628 2869 manta
640 2812 892 2870 siemorieuetiictio
900 2814 1035 2885 minue·
1085 2822 1157 2871 tates
1169 2814 1310 2872 abdicandi
1324 2815 1475 2882 musillum,
1490 2817 1568 2872 sicuti
1581 2827 1609 2874 et
1619 2818 1691 2888 quoti
1704 2819 1768 2875 (licit
1777 2819 1811 2875 ie
1824 2834 1877 2877 ua·
1920 2876 1922 2879 ,

248 2905 318 2959 tione
331 2905 480 2977 accipietis
493 2915 584 2961 mue
592 2905 768 2977 maiestatis
785 2903 864 2961 Untle
874 2921 929 2962 uon
939 2907 1035 2962 imme·
1085 2904 1133 2961 tali
1146 2921 1196 2961 suo
1209 2906 1334 2976 spiritali,
1347 2906 1488 2964 retulimus
1502 2904 1537 2962 ad
1545 2922 1645 2963 anunm
1658 2909 1879 2965 moestissimum

248 2993 302 3050 rito
311 2991 460 3053 dixerimus
474 3009 558 3066 mnes
576 2995 638 3052 illos
648 2995 731 3052 luisse
743 2994 908 3062 mnesteus,
923 2997 996 3068 quoti
1008 3005 1037 3054 et
1088 2995 1292 3064 nonagesimum
1306 2995 1464 3052 secundum.
1494 3060 1498 3069 ¹

249 3083 596 3156 mmpioeuerhumiutiioat.
611 3084 679 3140 Cum
691 3082 816 3143 Paullum
828 3096 849 3124 ὓ
860 3102 945 3158 panes
956 3084 1073 3158 guin-(l
1229 3130 1231 3134 ,
1365 3083 1480 3142 CAPll'l·
1498 3084 1591 3142 xxti.

250 3192 303 3241 aue
312 3175 347 3230 ati
360 3174 555 3230 Romaniauum
572 3174 701 3242 mitteret,
712 3175 746 3230 ati
759 3177 885 3234 eumdem
896 3179 955 3234 lutee
967 3178 1036 3234 scti-
1087 3172 1218 3229 unum
1238 3173 1329 3230 soriiit
1344 3175 1381 3229 ud
1398 3173 1596 3247 llierotspntam,
1620 3193 1637 3231 a
1656 3192 1707 3249 qao
1727 3192 1879 3250 reportata

252 3270 315 3340 psit.
328 3265 371 3322 Ne
380 3283 487 3322 recussu
500 3268 623 3337 {rourum
637 3268 804 3324 immunitatis
815 3269 925 3342 opimam
937 3269 1038 3325 uiden·
1186 3244 1289 3313 ΜΨ·
1307 3244 1445 3300 n‘mffi
1458 3247 1641 3318 ΝΜ
1653 3246 1774 3303 Μ·

252 3370 305 3427 tar,
327 3358 360 3413 de
376 3358 516 3413 tumtunm
535 3355 691 3415 ciosum
711 3359 892 3429 esuritionis,
915 3361 944 3415 ia
966 3361 1039 3431 cujas
1123 3352 1150 3407 l.
1165 3350 1233 3408 Cum
1257 3367 1291 3409 eo
1314 3367 1387 3409 auno
1398 3363 1413 3402 r
1424 3368 1539 3425 puerum
1563 3370 1641 3413 suum
1662 3354 1697 3410 asi
1717 3363 1827 3411 sanctos
1851 3356 1881 3412 in

253 3446 432 3519 medurnae
454 3448 614 3519 ingoiiiotir
636 3465 768 3504 nouom
785 3446 937 3518 militemus,
959 3466 1039 3520 penes
1089 3444 1178 3501 Africa
1194 3445 1351 3502 salutandos
1370 3446 1475 3502 miserit
1491 3445 1636 3515 Paulinus,
1655 3448 1750 3505 eodem
1771 3446 1883 3504 iorteet

253 3537 300 3594 titi
319 3539 428 3610 meque
440 3539 539 3609 pariter
557 3547 584 3592 et
602 3539 659 3609 fitis
676 3547 765 3595 nostro
775 3537 1016 3595 licentiosissimae
1030 3555 1040 3595 .·
1089 3543 1213 3607 tempore
1222 3544 1251 3592 et
1262 3536 1377 3592 oonsilio
1386 3536 1413 3591 in
1425 3535 1594 3592 Palaestinam
1604 3538 1774 3595 Ambrosium
1783 3552 1884 3608 qnem-

257 3645 309 3685 ποι
327 3629 398 3683 erist
417 3629 546 3700 pominus
563 3645 581 3682 u
602 3628 778 3685 imitaturte
799 3645 946 3695 munere,
966 3645 1041 3702 ipsam
1089 3623 1151 3680 dam
1167 3633 1180 3665 ¹
1194 3625 1268 3681 misit
1280 3627 1309 3681 et
1321 3639 1370 3696 per
1382 3639 1444 3680 enm
1466 3622 1570 3682 litteras
1592 3634 1619 3682 et
1642 3627 1827 3684 munusculum
1846 3625 1885 3682 atl

253 3725 369 3794 sapim
381 3722 472 3778 enim
490 3721 564 3779 soth
577 3724 663 3795 gratie
675 3724 777 3795 pesitus
789 3729 932 3778 snumtere.
943 3720 1043 3779 Possu-
1090 3715 1293 3797 illcronyutum,
1308 3717 1351 3772 oui
1364 3714 1532 3786 significahat
1546 3716 1657 3778 ser‘elle
1666 3719 1700 3776 al)
1709 3735 1743 3776 eo
1756 3720 1884 3794 Scriptu-

254 3826 314 3868 mos
327 3812 408 3880 igitur
419 3810 481 3868 inde
491 3811 662 3882 interpretari
675 3826 759 3883 panes
772 3812 839 3869 istos
852 3826 905 3867 nnn
919 3811 954 3866 asi
964 3828 1044 3884 quos-
1091 3820 1129 3861 rte
1138 3817 1222 3861 sacrae
1245 3805 1372 3876 mysteria
1385 3806 1518 3863 educere.
1533 3806 1705 3865 Suarissimm
1717 3808 1885 3884 liieronysuo

255 3903 296 3958 ris
319 3900 549 3958 itrdiscrlminatim
576 3901 796 3973 luissemissos,
823 3900 873 3958 setl
894 3900 929 3957 aii
950 3900 1043 3959 tocies
1092 3895 1201 3951 iterun!
1224 3895 1276 3952 5¹¹ae
1295 3897 1407 3965 littera,
1425 3913 1485 3969 gnte
1507 3914 1523 3955 a
1542 3899 1674 3971 principio
1688 3904 1690 3908 ‘
1702 3903 1885 3961 amicitiarum

254 3991 345 4060 volgo,
356 4004 418 4045 uam
432 3996 446 4026 ¹²
459 3995 571 4059 apparet
583 3987 732 4045 Licentium
745 3988 913 4058 baptismatis
925 3989 1044 4046 nonium
1092 3986 1176 4058 (quod
1190 3985 1309 4042 indicare
1322 3985 1428 4042 vitietur
1445 3987 1533 4043 nullas
1545 3988 1619 4059 prins
1639 3989 1764 4061 utrinque
1785 3992 1886 4050 mimas

254 4081 332 4151 aquis
341 4088 405 4137 tnnc
414 4078 496 4135 tuisse
511 4086 689 4135 renouatum:
705 4078 799 4148 inquo
812 4093 883 4149 pane
892 4077 1043 4137 Paulinus⁰
1093 4076 1176 4133 iuisse
1188 4076 1335 4149 epistolas)
1355 4078 1435 4135 iidem
1449 4079 1571 4148 probata
1582 4081 1639 4151 jam
1654 4090 1683 4138 et
1700 4082 1801 4139 veteris
1813 4084 1885 4140 auu-

255 4170 320 4227 dicit
332 4175 487 4225 contentam
505 4165 589 4222 inisse
613 4164 753 4223 Trinitatis
775 4166 952 4237 soliditatem,
973 4167 1044 4226 iurte
1092 4167 1163 4224 mnae
1173 4167 1362 4237 pratershaut,
1371 4167 1434 4223 item
1446 4164 1551 4225 Paulini
1560 4170 1727 4240 prudmtiam
1739 4180 1769 4230 et
1782 4173 1886 4245 unguii

254 4260 318 4330 qnia
332 4268 346 4310 t
359 4258 464 4314 triiitlus
472 4264 540 4314 erat.
556 4255 700 4315 Eusebium
711 4257 903 4315 Quantum
912 4271 926 4311 s
936 4276 1043 4317 mera-
1092 4265 1271 4316 renustatent.
1281 4257 1373 4315 Ailiult
1383 4266 1412 4298 a·
1424 4260 1506 4316 estam
1515 4259 1585 4332 apud
1592 4259 1783 4336 llieronymnm
1795 4263 1886 4322 Euse-

255 4349 332 4405 iileur
354 4346 502 4420 episcopatu
524 4354 605 4405 voest
626 4344 777 4404 Paulinus:
806 4348 877 4405 unde
902 4349 1042 4419 probator,
1092 4349 1153 4406 hius
1163 4347 1574 4419 guidamcremouensisiorte,
1588 4349 1633 4406 oui
1652 4366 1714 4408 enm
1727 4353 1887 4412 notissimus

244 4438 400 4511 ,qoontpss
412 4447 423 4476 ¹
435 4436 544 4506 latetur,
558 4450 622 4494 omn
636 4436 665 4494 in
678 4435 795 4496 llisturia
809 4436 891 4494 tuisse
904 4440 1008 4495 rodem
1058 4431 1084 4494 tt
1096 4440 1203 4497 aliunde
1223 4441 1431 4511 mmssimusque
1452 4447 1525 4497 esset
1538 4439 1678 4511 Paulinus,
1690 4457 1752 4500 eum
1769 4444 1888 4517 amplius

289 4528 318 4584 ἰ.
335 4525 392 4586 Suh
400 4527 472 4586 idem
481 4534 587 4601 wrupos
595 4527 630 4585 ati
640 4527 818 4599 Angustiuum
831 4536 842 4565 ⁸
856 4528 930 4585 misit
943 4528 1045 4587 litteras
1095 4532 1167 4603 apud
1180 4533 1268 4603 ipsum
1279 4532 1492 4601 commendarit,
1506 4532 1627 4589 referem
1642 4535 1811 4593 honestatem
1825 4552 1874 4594 mo
1885 4568 1889 4582 ·

255 4620 353 4693 quintu
366 4621 564 4692 conglutinaret
571 4619 723 4686 caritatem,
736 4633 817 4688 guam
831 4618 902 4675 inter
914 4634 945 4677 se
957 4636 973 4677 a
983 4620 1046 4691 Spi-
1096 4626 1243 4690 rumiliins,
1251 4626 1532 4699 contemptumseculi,
1538 4626 1662 4683 amicitia
1669 4627 1756 4694 ntem,
1764 4644 1888 4687 amorem
1988 4624 1999 4630 “

256 4712 310 4768 rita
323 4709 424 4770 Sarreto
436 4727 486 4784 per
498 4711 624 4783 Alypium
648 4708 790 4767 formatam
809 4710 1043 4768 emeoouiitlehat.
1095 4715 1207 4774 christi.
1221 4715 1401 4792 iiierunymus
1416 4718 1497 4788 igitur
1513 4718 1619 4774 adeum
1631 4719 1721 4775 histis
1736 4721 1816 4776 rehm
1828 4721 1889 4790 epi·

256 4799 298 4856 Au
315 4800 412 4857 eodem
432 4800 580 4871 Augustino
601 4800 693 4855 omnis
715 4814 775 4870 φη
800 4799 944 4870 scripserat
961 4815 1045 4872 otton
1096 4809 1193 4864 stolam
1203 4809 1377 4866 centesimam
1389 4810 1497 4866 tertiam
1509 4810 1591 4876 misit,
1603 4810 1631 4868 in
1641 4825 1693 4882 qna
1706 4808 1736 4850 Μ’
1748 4811 1820 4868 illius
1832 4820 1891 4868 stu-

256 4889 445 4961 expostularit.
460 4888 515 4945 llas
534 4891 544 4927 ²
560 4889 664 4946 litteras
676 4904 726 4961 per
747 4905 829 4946 unum
843 4906 859 4947 e
872 4892 927 4949 suis
940 4892 975 4948 ad
988 4893 1045 4948 Au·
1096 4898 1170 4955 dium
1182 4906 1211 4954 et
1223 4898 1324 4955 scienti
1339 4899 1431 4955 laudat
1443 4898 1585 4966 artiorem
1600 4914 1688 4969 neque
1705 4901 1777 4956 euim
1790 4916 1891 4972 puem-

246 4981 395 5052 .gustinum
419 4978 541 5050 aliosque
557 4978 614 5036 lieo
626 4978 739 5037 dilectos
751 4979 908 5037 salutandos
917 4992 977 5038 oute
989 4982 1047 5038 irie·
1096 5003 1177 5058 quam
1191 4990 1219 5045 iu
1232 4990 1317 5046 sacris
1326 4988 1472 5061 Scriptoris
1492 4990 1552 5046 siue
1564 4991 1665 5061 praevio
1678 4998 1707 5046 et
1720 4999 1892 5049 monstrante

257 5087 324 5126 meur
333 5070 419 5143 misit.
433 5070 553 5141 Cumque
562 5083 598 5126 ex
607 5067 747 5141 Augiutini
757 5070 869 5127 historia
879 5072 906 5128 iil
921 5072 978 5130 teri
991 5088 1045 5129 non
1097 5079 1221 5134 semitam
1235 5093 1314 5149 posse
1326 5078 1430 5148 ingredi
1440 5077 1518 5145 dicit3
1526 5093 1587 5135 sese
1600 5078 1756 5149 magistrum
1765 5094 1890 5148 renuere,

258 5162 376 5233 potuerit
393 5176 482 5232 neque
499 5168 564 5219 auto
585 5175 673 5233 neque
691 5169 754 5232 post
772 5176 872 5218 anunm
885 5163 1045 5220 ueoentesi·
1097 5165 1146 5224 soil
1161 5168 1288 5224 comitem
1297 5167 1442 5239 spondere,
1455 5167 1536 5224 mmai
1548 5169 1733 5237 gemiturum.
1747 5169 1827 5226 simul
1843 5184 1894 5227 ne·

295 5335 613 5420 *Panliu.ep.5‚n.l.
649 5335 838 5404 niumm
877 5339 1063 5408 etuit.‚n.5.
1099 5340 1292 5414 duplant.
1330 5340 1527 5412 ·ttp.s.u.t.
1565 5340 1778 5413 ¹Ep.ll,n.h.
1813 5339 1891 5412 ‘stip

143 5454 149 5464 .
258 5403 362 5466 Ana
398 5402 647 5472 thimoete.
688 5407 875 5474 titulumne.
914 5408 1018 5477 itinn,
1033 5427 1061 5466 n.
1074 5410 1100 5467 6.
1139 5411 1346 5468 *Videnotih
1386 5410 1684 5481 ¹Aug.e.3i‚n.9.
1719 5409 1890 5467 ”Pauline-

259 5473 368 5540 7,n.5.
404 5474 613 5548 stupenti.
651 5474 959 5548 omninipunn.
997 5478 1198 5548 tiidenot'l.
1236 5478 1434 5551 stamus.
1473 5427 1688 5552 ripensi
1726 5478 1891 5549 ·t2p.t‚n.

261 5541 358 5598 leth.
398 5542 555 5616 ¹Ep.6,n.
572 5544 598 5600 l.
639 5544 752 5616 ¹¹Epist
769 5546 881 5614 Ami.
923 5546 1017 5605 rtuiu.
1060 5548 1564 5621 ¹Sacehin.Vit.Paulln.p.iiil,et
1583 5548 1673 5607 cuitu.
1697 5547 1892 5622 parcant.

259 5609 580 5686 rasomonorum.
618 5614 985 5686 ·1tieron.ep.tuo,t.ttt.
1022 5618 1132 5678 utbit.
1169 5617 1453 5692 tvitiosissimos.
1661 5674 1663 5677 ,
1816 5660 1822 5671 .
