4034 6184
245 284 293 337 tit
801 276 830 334 S.
851 272 989 332 Pubttttt
1007 270 1133 328 Nouam
1150 268 1304 327 troiscos!
1812 276 1859 331 tit

245 395 318 452 enim
340 393 430 450 sciunt
451 391 517 463 quid
535 390 636 447 iaciunt
657 399 680 446 ⁸.
701 389 800 446 terum
819 388 892 459 quod
915 385 1033 457 adjecit:
1049 382 1182 451 gardino
1193 390 1421 466 temporum-ante
1438 382 1577 454 apostolas
1589 382 1698 442 luerunt
1712 404 1721 440 ·.
1734 386 1782 443 scd
1797 390 1862 458 ilios,

247 481 672 556 Ncunquamabtiaiacanturlaqia
684 479 769 546 taut,
781 489 916 549 tamquam
927 485 1039 549 propter
1089 474 1186 543 quibus
1196 472 1251 542 iant
1265 474 1315 530 sub
1329 472 1457 543 apostolis
1470 489 1520 544 per
1538 475 1655 545 gratiam
1672 476 1815 535 donabatur
1827 491 1869 537 aut

244 570 300 628 hoc
312 572 464 627 necessaria
478 579 550 626 esset
570 571 651 626 etiarn
674 570 733 625 sine
752 567 806 624 lide
823 566 961 635 Evangelii
982 566 1038 621 vita
1089 565 1277 630 interpretatio
1300 563 1513 635 Scripturarum,
1532 574 1561 621 et
1580 566 1717 638 inspectio
1738 571 1866 636 mandunt,

249 663 329 733 290
341 676 445 725 eornm,
458 662 601 717 obscurum
616 659 681 715 utihl
701 658 799 715 latoor.
824 657 893 726 Quid
906 657 978 712 enirn
996 655 1039 710 his
1090 663 1137 710 ant
1148 654 1286 726 praedictio
1296 657 1425 727 temporis
1436 658 1570 725 secuturi;
1585 666 1615 714 ut
1626 659 1731 728 Agabus
1740 664 1863 729 cernebat,

248 753 421 819 adsalutem,
435 766 494 822 qun
507 750 563 806 sola
577 749 629 806 lide
646 749 785 819 quaeritur,
807 746 919 819 prodest
932 746 958 802 in
973 744 1040 813 legis
1090 746 1136 815 qui
1150 754 1179 800 et
1190 745 1289 802 latnem
1309 747 1454 803 instantem
1473 749 1610 820 praedixit,
1634 758 1735 821 atquae
1751 755 1762 787 ⁸
1780 754 1866 809 heatm

249 844 380 900 memoria
394 851 421 899 et
446 842 621 898 meditatione
650 840 762 904 temari,
778 839 829 894 nisi
848 838 917 893 sorte
930 844 1041 908 propter
1091 834 1190 893 Paulus
1202 837 1229 892 iu
1245 836 1439 910 Hierosolymis
1451 854 1578 909 passums
1590 849 1671 902 esset.
1693 850 1721 898 et
1732 843 1812 899 verbo
1824 845 1867 899 dc·

250 935 380 990 honorem
405 935 471 1003 legis
493 933 588 1005 ipsius,
611 932 654 988 vel
677 932 782 1001 generis
801 930 937 985 Abraham
959 941 985 995 (ς
1010 934 1042 982 ut
1091 928 1233 992 nuntiavit,
1247 936 1275 983 et
1288 929 1450 998 signozoute
1464 930 1687 999 ejusostendit¹.
1701 933 1868 1005 interpasta·

249 1026 332 1083 etiam
345 1026 372 1080 iu
386 1034 463 1096 parte
485 1034 592 1080 terrena
615 1023 732 1080 carnaiis
753 1023 864 1078 seminis
889 1020 957 1090 ejus,
981 1034 1042 1090 quse
1092 1036 1137 1076 res
1151 1020 1304 1091 specialiter
1314 1028 1343 1075 et
1356 1020 1482 1078 doctores
1500 1020 1566 1092 quid
1587 1023 1702 1092 intersit,
1723 1026 1868 1095 dignoscere

253 1117 357 1172 videtur
378 1116 526 1171 seeundum
546 1130 656 1170 arenam
678 1114 761 1169 maris
782 1111 952 1184 computari,
975 1111 1043 1179 legis
1091 1113 1164 1179 vola,
1183 1112 1247 1182 quia
1260 1113 1410 1183 praepositis
1423 1111 1550 1169 Ecclesiae
1565 1122 1810 1185 utrumquenomen
1824 1118 1868 1173 ad·

250 1208 368 1277 antiquae
381 1206 495 1262 littera⁸
516 1213 688 1278 perseverem
704 1205 743 1276 (a)
756 1218 791 1260 ne
814 1201 883 1258 sorte
905 1202 988 1270 aliqui
1003 1200 1044 1256 le·
1091 1203 1173 1258 scribi
1187 1202 1266 1258 salet.

252 1299 339 1369 geudo
350 1299 437 1369 legem
451 1299 635 1354 illuminentur
647 1299 681 1355 ad
701 1299 780 1354 iidem
791 1297 902 1363 Christi,
926 1296 972 1367 qui
990 1296 1001 1327 ⁶
1016 1304 1044 1350 et
1129 1296 1171 1349 10.
1191 1294 1259 1350 item
1271 1293 1344 1364 quud
1362 1294 1400 1349 ait
1414 1294 1447 1349 ad
1468 1294 1656 1363 Timotheum,
1675 1295 1784 1354 Obsecro
1800 1299 1872 1370 igitar

251 1390 318 1460 legis
331 1396 359 1445 et
372 1389 564 1460 prophetarum
580 1388 639 1444 linis
652 1388 725 1457 eati,
734 1398 762 1445 et
776 1390 802 1444 iu
816 1389 1043 1444 omnibusenrum
1092 1387 1204 1456 ptumum
1214 1387 1327 1441 amulam
1338 1387 1396 1456 ficri
1406 1385 1604 1454 obsecrationes,
1616 1390 1755 1455 arationes,
1766 1392 1871 1460 portula·

248 1476 327 1535 libris
339 1478 522 1550 praedguratus
540 1493 572 1534 ac
591 1480 767 1551 prophetatus
788 1478 885 1534 elucet.
901 1477 955 1532 Aut
978 1477 1044 1546 quia
1093 1479 1185 1544 banca,
1207 1478 1352 1549 prunarum
1372 1478 1488 1532 actiones
1510 1494 1558 1549 pra
1582 1478 1701 1534 omuibus
1723 1480 1870 1548 mamam

250 1569 364 1641 eripuis
386 1571 476 1640 impiis
489 1586 583 1627 eorum
601 1572 739 1641 generatio
756 1578 871 1628 ventura
885 1577 928 1626 est
939 1570 1044 1626 electo·
1093 1580 1184 1637 quasso
1199 1580 1318 1636 exponas
1332 1564 1413 1633 mihi,
1432 1565 1505 1635 quod
1518 1567 1664 1623 discrimen
1685 1568 1720 1623 sit
1739 1568 1765 1623 in
1776 1569 1825 1625 hac
1836 1569 1872 1624 di·

250 1675 320 1726 rum,
336 1660 384 1731 qui
395 1659 430 1716 de
443 1662 554 1730 singulis
565 1662 687 1717 tribubus
699 1660 787 1727 electi,
801 1661 828 1716 in
842 1659 974 1716 duodenis
983 1659 1045 1714 mil·
1094 1655 1223 1712 versitate
1235 1656 1390 1723 verborum,
1414 1671 1475 1712 curn
1490 1656 1581 1711 omnia
1598 1658 1676 1724 mihi,
1697 1672 1756 1727 quae
1766 1658 1872 1728 gerenda

252 1749 320 1806 libus
333 1750 506 1820 designantur
519 1753 547 1817 ¹,
570 1751 668 1823 quibus
683 1751 741 1822 ipsa
759 1751 889 1807 revelatio
906 1750 979 1806 beati
996 1748 1043 1805 1ο·
1057 1748 1081 1809 Β
1093 1746 1170 1813 dirit,
1183 1746 1315 1802 arationis
1329 1743 1422 1802 officio
1435 1747 1581 1803 contenire
1594 1747 1747 1803 videantur.

251 1840 348 1895 hannis
361 1849 374 1877 r
385 1856 418 1896 cx
433 1855 501 1896 voce
521 1842 609 1911 angeli
629 1841 835 1912 pronuntiantis
852 1841 905 1898 boc
919 1841 1043 1897 testimo-
1130 1837 1173 1893 ll.
1189 1837 1256 1894 lteru
1269 1835 1342 1908 quod
1355 1837 1390 1893 ad
1402 1836 1539 1896 Romanos
1552 1839 1599 1906 ait,
1627 1838 1763 1909 interrogo
1775 1846 1803 1894 et
1814 1854 1873 1910 rogo

251 1931 324 1986 nium
334 1932 469 2002 perhibet,
477 1932 540 2002 quia
548 1933 687 1989 comitatui
696 1932 777 2002 llegis
783 1933 878 1989 aterni
885 1931 1044 1990 familiarius
1093 1936 1123 1984 at
1135 1927 1269 1986 edisseras
1282 1928 1357 1984 mihi.
1380 1927 1492 1984 Multum
1505 1929 1577 1985 enim
1591 1931 1723 1995 cecutire
1738 1930 1872 1987 metamor

250 2023 426 2078 adhaerebunt
438 2024 545 2094 penitus
558 2023 733 2089 immaculati,
748 2030 776 2079 et
792 2023 917 2078 humanae
930 2022 1046 2093 conjura·
1093 2020 1121 2075 iu
1134 2020 1186 2075 hae
1198 2018 1320 2091 Apostoli
1330 2018 1464 2075 sententia
1483 2019 1517 2077 de
1537 2017 1654 2088 induis,
1672 2020 1744 2091 qood
1760 2021 1796 2075 ait
1810 2039 1817 2074 ι
1831 2020 1873 2077 Sa-

168 2145 171 2148 ι
250 2113 501 2184 ctionisetpertesl
523 2113 672 2186 hequihus
685 2113 838 2185 specialiter
851 2114 1045 2184 altasaquun·
1093 2110 1206 2164 cundum
1215 2108 1385 2183 anuqclium
1400 2110 1511 2181 quidem,
1524 2111 1625 2165 inimici
1649 2119 1822 2182 propostam
1838 2125 1874 2165 tc·

250 2207 315 2259 tur¹¹
334 2205 440 2273 dgnuru
453 2218 624 2274 quocumque
638 2204 710 2273 ierit,
735 2204 797 2274 quia
811 2219 873 2260 cnm
886 2204 1044 2261 mulieribus
1093 2202 1205 2256 cundum
1213 2202 1362 2256 eiectionem
1375 2211 1471 2266 autam,
1491 2202 1620 2257 consumi
1638 2212 1741 2276 propter
1752 2211 1832 2274 amaea
1841 2211 1873 2255 ut:

250 2308 281 2350 se
293 2310 347 2350 nou
361 2295 615 2364 coinquinaverunt,
630 2293 746 2363 virgines
758 2294 830 2349 enim
845 2302 908 2349 sunit
925 2291 947 2348 ¹.
1093 2294 1231 2364 quomodo
1243 2302 1271 2350 et
1284 2294 1365 2350 iidem
1380 2295 1402 2327 ¹⁰
1412 2295 1514 2351 inimici
1534 2303 1650 2366 propter
1669 2311 1727 2363 uos,
1742 2297 1786 2366 qui
1799 2294 1875 2351 credi·

287 2384 313 2440 8.
331 2383 359 2440 iu
379 2385 547 2455 sexagesimo
566 2384 681 2456 septimo
702 2391 801 2455 praeter
824 2383 877 2438 alia
898 2382 963 2438 illud
976 2382 1043 2438 mihi
1093 2383 1181 2439 dimus
1195 2384 1379 2454 exgentibus,
1405 2393 1540 2456 tamquam
1559 2401 1613 2442 non
1639 2388 1773 2458 potuerint
1792 2394 1875 2456 gentes

251 2475 470 2533 obscurissimum
483 2483 535 2540 est,
557 2475 631 2545 quod
644 2475 682 2529 ait
700 2492 707 2528 ε
728 2473 909 2530 Verumtamen
923 2473 993 2529 Deae
1005 2473 1042 2547 (b)
1093 2474 1216 2543 credere,
1231 2476 1282 2531 nisi
1294 2474 1381 2532 ludaei
1395 2491 1450 2532 non
1463 2476 1661 2534 credidissent?
1680 2479 1732 2533 hut
1751 2479 1805 2549 ipse
1815 2493 1875 2534 unua

251 2565 431 2639 conquassabit
448 2567 534 2636 capita
547 2566 711 2620 inimicantem
730 2581 846 2634 marum,
865 2565 983 2620 uerticem
997 2581 1044 2619 ca·
1094 2565 1213 2620 omniurn
1238 2572 1345 2621 mentor
1359 2565 1439 2632 Deus,
1463 2566 1509 2635 qui
1533 2582 1633 2623 omnes
1653 2569 1773 2624 homines
1795 2568 1875 2625 salros

251 2659 308 2731 pilli
319 2656 551 2729 perambulantium
564 2658 591 2711 ia
606 2657 705 2712 delicti
720 2657 774 2711 auia
788 2674 797 2711 .·
812 2656 878 2728 quid
891 2658 936 2723 sit,
955 2655 1043 2711 Verti-
1094 2653 1152 2710 lieri
1163 2654 1230 2721 vult,
1244 2662 1273 2710 et
1284 2653 1318 2710 ad
1331 2654 1495 2725 agnitionem
1511 2658 1634 2713 veritatis
1650 2662 1742 2715 venire
1753 2669 1777 2725 ¹¹,
1798 2675 1875 2730 capax

250 2748 404 2819 ccmcapiiti
415 2749 451 2821 (a)
459 2748 638 2820 perambulare
647 2749 676 2803 in
688 2749 798 2804 delictis.
811 2747 871 2805 Nou
882 2749 954 2805 enim
964 2747 1043 2817 dixit,
1093 2761 1147 2800 nou
1161 2746 1243 2802 luerit
1267 2748 1288 2779 ¹¹
1312 2747 1497 2817 acquisitionis
1519 2748 1678 2818 utriusque,
1700 2751 1750 2806 nisi
1771 2751 1874 2805 alterum

251 2839 386 2896 Verticant
397 2840 508 2909 capitis;
523 2839 581 2908 sed,
591 2839 719 2895 Vaticana
732 2840 831 2911 caum,
840 2841 953 2910 quisine
962 2856 1045 2898 sensu
1093 2851 1143 2907 uro
1156 2836 1243 2892 attera
1257 2836 1427 2906 possiderem
1454 2836 1556 2894 baudo
1570 2839 1610 2912 (d)
1634 2841 1761 2896 canatur
1775 2842 1794 2873 ¹¹
1815 2857 1870 2909 pra·

250 2940 302 2987 est.
318 2930 358 2985 hn
376 2931 509 3002 repletum
528 2932 647 3002 peccatis
659 2932 795 2988 hominem
810 2932 868 2988 vult
881 2933 1044 2990 ostenderet
1094 2937 1151 3000 pter
1169 2938 1276 3000 patres:
1297 2928 1443 2998 quomodo,
1468 2937 1515 2986 aut
1535 2929 1628 2999 unde,
1654 2932 1677 2988 si
1690 2931 1815 2988 carissimi
1826 2946 1875 2986 nou

250 3021 384 3094 Scriptum
404 3030 464 3078 ast:
483 3021 569 3077 Omne
588 3037 637 3077 cor
657 3023 685 3076 in
696 3022 817 3078 doloret
832 3022 945 3093 pedibus
958 3037 1043 3094 usque
1094 3021 1216 3088 credant,
1225 3028 1253 3077 et
1261 3020 1361 3077 inimici
1369 3020 1494 3077 Decesse
1503 3022 1873 3094 persistautlliouue,inquit,

250 3115 283 3170 ad
293 3127 383 3186 caput.
393 3113 427 3169 Et
435 3114 516 3184 paulo
529 3112 598 3170 inira
611 3113 686 3185 quod
700 3116 739 3171 ait
750 3132 756 3168 :
769 3112 872 3187 Lingua
882 3131 977 3171 annum
989 3126 1042 3172 tao
1055 3112 1078 3176 C
1093 3113 1141 3183 qui
1154 3112 1269 3169 aderaut
1283 3121 1310 3168 te
1324 3111 1407 3181 Deus,
1419 3113 1529 3169 oderam
1543 3112 1614 3180 illas,
1630 3124 1661 3171 et
1674 3132 1754 3186 super
1765 3115 1875 3170 inirnicos

250 3221 308 3259 rum
321 3220 353 3257 cs
367 3204 481 3258 inimicia
500 3205 532 3258 ab
544 3205 600 3274 ipso
616 3209 639 3258 ⁸.
657 3204 748 3275 hquo
760 3207 835 3282 ipro?
857 3206 892 3262 Et
912 3209 1042 3277 numquid
1093 3214 1156 3261 tuus
1165 3206 1354 3262 tabescebam?
1368 3200 1491 3261 Perfecto
1506 3205 1567 3261 odio
1578 3204 1691 3262 oderam
1702 3208 1761 3263 illos
1771 3215 1794 3263 ⁰.
1804 3204 1875 3261 Certa

250 3307 331 3347 canes
343 3291 391 3347 bei
405 3292 458 3347 dici
473 3294 717 3363 possuntgentiles,
738 3310 807 3363 quos
830 3295 888 3366 ipse
909 3295 937 3351 in
953 3295 1043 3352 Evan—
1094 3296 1219 3366 bacputo
1227 3303 1397 3366 paternauor
1405 3296 1524 3365 loquitur
1532 3294 1669 3352 adFilium
1676 3297 1875 3369 perprophctam

250 3381 321 3450 gelio
335 3379 349 3420 ¹⁸
364 3396 445 3436 canes
458 3382 600 3436 nominati
610 3381 664 3437 hut
678 3398 712 3438 ne
723 3382 794 3440 lorte
814 3384 888 3455 ipsos
899 3400 980 3442 canes
993 3385 1043 3442 Ilei
1094 3387 1122 3441 in
1136 3386 1232 3443 eodem
1244 3388 1357 3457 psalmo,
1373 3387 1418 3442 uhi
1432 3386 1562 3457 saprade
1575 3399 1656 3458 parte
1669 3384 1874 3445 credentiumdi·

251 3471 332 3535 dicat,
348 3471 442 3541 quales
456 3472 604 3527 existimari
619 3480 746 3543 possunt,
770 3473 794 3529 si
816 3475 913 3545 quiin
934 3478 1043 3532 nomine
1095 3485 1174 3533 xerat
1189 3475 1273 3533 :llihi
1290 3486 1381 3534 autem
1396 3478 1475 3534 nimis
1489 3477 1664 3535 honorificati
1676 3488 1739 3537 suut
1756 3480 1829 3535 amici
1841 3478 1875 3533 tul

251 3559 404 3615 Christiano
417 3561 553 3631 gentiliter
575 3562 678 3628 vivant,
702 3579 816 3635 quorum
830 3579 893 3636 pars
907 3582 969 3622 cum
982 3567 1044 3622 inli-
1094 3565 1174 3634 bens,
1188 3567 1268 3623 nimis
1277 3566 1445 3624 confortatus
1454 3574 1497 3623 est
1504 3568 1674 3639 principatus
1681 3585 1773 3626 eorum
1782 3580 1804 3624 t.
1814 3566 1875 3635 poia

250 3651 355 3710 delibus
368 3654 477 3723 ponitur
495 3653 517 3723 ¹,
537 3654 601 3724 quia
621 3654 717 3722 beum,
741 3670 822 3727 quent
837 3657 927 3715 verbis
939 3659 1041 3725 colunt,
1094 3667 1184 3715 autem
1197 3658 1250 3715 illis
1262 3658 1373 3729 prodest
1396 3657 1430 3713 ad
1452 3659 1578 3726 salutent,
1601 3674 1665 3731 quae
1686 3676 1740 3717 nou
1763 3659 1812 3715 nisi
1832 3671 1876 3728 per

250 3742 482 3814 iactisnegantil
996 3797 1001 3806 .
1094 3748 1175 3806 tidem
1189 3759 1217 3805 et
1239 3749 1353 3818 gratiam
1374 3748 1474 3804 Christi
1494 3750 1610 3820 capitur,
1636 3752 1660 3806 si
1684 3759 1791 3823 propter
1804 3747 1875 3803 iidem

285 3832 376 3890 Carus
390 3833 423 3890 11.
434 3833 594 3900 mustiones
604 3853 637 3893 cc
647 3836 846 3911 donatulo-ii.
859 3838 922 3897 Haec
934 3842 1043 3898 interim
1094 3848 1200 3911 patrum
1213 3838 1344 3896 carissimi
1360 3838 1400 3913 (d)
1414 3837 1470 3895 lieo
1484 3840 1560 3895 sinti
1583 3839 1627 3896 cui
1647 3842 1719 3898 bono
1732 3840 1875 3909 diliguntur,

251 3926 285 3983 de
296 3925 423 3994 Psalmis3
438 3943 511 3984 nunc
522 3938 550 3984 et
563 3929 597 3985 de
609 3931 738 4001 Apustalo
748 3933 936 4006 quodcumque
947 3949 1044 4006 propo·
1094 3950 1163 4006 quos
1176 3948 1287 3990 necesse
1300 3940 1342 3990 ost
1355 3941 1468 4004 propter
1481 3934 1533 3989 hoa
1546 3932 1682 4003 damnari,
1693 3932 1763 4005 quod
1776 3939 1877 4002 propter

251 4033 324 4072 narn.
341 4018 410 4074 Dicit
419 4018 453 4074 ad
463 4018 604 4090 Ephesios,
620 4022 693 4090 quod
705 4022 733 4076 in
743 4022 794 4077 alia
806 4021 924 4092 Epistola
938 4024 1044 4081 dixerat
1094 4041 1170 4081 suam
1193 4023 1378 4080 infidelitatem
1398 4038 1414 4079 a
1428 4024 1620 4095 prophetatum
1639 4033 1667 4081 et
1677 4024 1876 4095 patriarcharum

251 4109 285 4165 de
299 4108 425 4177 gradibus
448 4110 490 4164 vel
512 4109 653 4166 ordinibus
666 4111 873 4182 dispositionum
894 4114 953 4181 Dei,
977 4130 1044 4188 ope
1094 4124 1237 4188 parentum
1257 4112 1308 4170 ilde
1326 4114 1522 4184 discrepantes,
1544 4114 1648 4170 inimici
1670 4110 1876 4180 suutiirangelio

251 4210 330 4257 rante
343 4201 446 4271 Spiritu
466 4211 562 4255 sancto
584 4201 729 4257 divisiones
741 4204 888 4272 gratiarum
901 4223 907 4259 :
918 4205 954 4261 Et
964 4223 1043 4278 quar·
1094 4207 1213 4266 Christi?
1234 4205 1264 4262 Si
1276 4220 1341 4275 ergo
1354 4205 1486 4262 carissimi
1501 4206 1566 4271 boo,
1589 4205 1727 4275 quomoda
1740 4199 1874 4276 perihontl

251 4291 312 4345 ‘¹⁰¹²'
324 4290 426 4362 ‘illm
444 4289 514 4344 “illl“
530 4291 676 4361 sslv⁸l⁰¹⁰⁸t
696 4294 821 4366 quasdam
831 4305 916 4353 autent
929 4301 1042 4372 propinc-
1094 4309 1123 4357 et
1135 4301 1158 4355 si
1172 4315 1227 4356 non
1241 4297 1364 4363 credunt,
1378 4296 1513 4367 quomodo
1526 4311 1581 4352 uon
1604 4297 1750 4366 peribunt?
1769 4294 1796 4351 Si
1818 4306 1875 4364 pro·

252 4392 302 4450 tar,
317 4383 383 4436 atior
402 4398 460 4436 ocra
475 4382 664 4454 caauqciistaa,
689 4386 755 4441 aiios
774 4397 861 4442 autem
878 4399 997 4461 pastores
1017 4401 1043 4446 ct
1093 4401 1155 4464 pter
1168 4399 1259 4463 patres
1277 4389 1336 4446 siue
1347 4404 1397 4443 sua
1411 4386 1509 4442 merito
1531 4386 1688 4457 diliguntur,
1712 4384 1876 4457 quomadoct

198 4477 202 4482 ’
252 4471 368 4526 decimat
382 4470 418 4525 ad
429 4473 676 4529 consummationem
690 4483 837 4532 sanctorum
849 4476 875 4546 ¹¹,
889 4486 917 4533 et
928 4479 1042 4549 reliqua.
1057 4481 1083 4543 D
1096 4492 1207 4555 propter
1216 4489 1310 4554 patres
1324 4480 1403 4553 292
1418 4494 1472 4534 non
1487 4478 1677 4535 salvabuntur?
1694 4478 1749 4546 sed,
1764 4477 1812 4534 etsi
1823 4474 1874 4530 lue·

251 4561 381 4631 lloeopto
392 4562 538 4633 distinguas
551 4563 617 4618 mibi
627 4566 654 4621 in
667 4566 718 4621 hac
728 4565 883 4623 diversitate
892 4570 1041 4638 nominum,
1095 4574 1151 4630 rint
1164 4572 1232 4639 Noe,
1245 4572 1349 4639 Daniel,
1365 4580 1393 4627 et
1404 4568 1465 4635 ioh,
1480 4571 1507 4625 in
1522 4570 1612 4627 medio
1621 4585 1726 4637 earum,
1751 4569 1817 4624 lilios
1828 4567 1875 4621 int·

252 4662 312 4722 qum
326 4654 360 4707 sit
372 4654 469 4723 cuique
483 4655 586 4710 nomini
600 4654 750 4712 ciliciorum
764 4657 807 4714 vel
820 4657 968 4727 gratiarum
978 4674 1044 4729 pro·
1095 4666 1155 4737 pios
1169 4680 1223 4721 uon
1237 4664 1389 4733 salvabunt,
1404 4663 1455 4719 soii
1467 4663 1535 4719 salvi
1548 4670 1629 4718 eruut
1638 4673 1664 4718 a.

243 4744 364 4816 11111135·
378 4743 446 4811 Quid
460 4746 600 4816 imbrium
619 4745 655 4801 ⁸5¹
678 4747 873 4817 ²P⁰Slol⁰tt¹m2
896 4748 961 4818 quid
978 4764 1043 4820 pro·
1131 4755 1175 4810 tt
1196 4755 1292 4813 Adhuc
1304 4753 1378 4810 aliud
1392 4752 1532 4810 obscurius
1543 4753 1685 4809 mihierue
1698 4752 1731 4809 de
1741 4748 1874 4823 putanda,

252 4841 408 4913 pltetarunt,
436 4842 500 4913 quid
527 4842 772 4910 evangelistarum,
801 4843 866 4913 quid
892 4851 1041 4915 pastorum,
1095 4852 1124 4901 et
1134 4845 1161 4901 iu
1172 4845 1269 4901 vadum
1282 4844 1384 4916 prater.
1399 4843 1429 4898 lu
1442 4843 1556 4915 epistola
1566 4841 1764 4899 Colossensiuut
1774 4840 1875 4896 omnino

253 4935 351 5007 quidve
364 4935 524 4990 doctarum:
539 4936 567 4990 in
580 4936 705 4991 omnihus
717 4936 789 4992 enim
808 4936 850 4994 his
865 4937 975 4996 diversis
989 4955 1042 4997 uo·
1096 4938 1246 5007 intelligere
1260 4938 1282 4971 ¹⁸
1295 4954 1350 4994 nou
1364 4952 1474 5008 passum
1488 4935 1561 5006 quod
1574 4936 1612 4990 ait
1628 4953 1635 4988 :
1656 4933 1742 4989 Nemo
1754 4950 1795 4988 aas
1805 4932 1875 4985 nan·

253 5026 369 5083 minibus
383 5026 461 5097 291
486 5026 574 5082 simile
593 5035 621 5081 et
634 5042 720 5098 prope
739 5044 822 5084 unum
841 5030 970 5087 doctrinae
981 5034 1043 5088 oill-
1096 5031 1238 5087 actualem
1252 5030 1435 5086 inbumiiitatc
1453 5040 1479 5083 ct
1497 5028 1621 5098 raliqione
1632 5026 1800 5097 angelornm,
1824 5036 1876 5092 quc

253 5119 325 5173 cium
344 5117 421 5172 video
434 5115 516 5173 luisse
530 5125 683 5173 tractatum.
704 5117 761 5176 lios
775 5128 864 5177 autem
875 5124 1042 5193 prophetas,
1096 5137 1148 5176 nou
1162 5119 1236 5186 uidit,
1248 5119 1392 5185 ambutant,
1409 5119 1507 5189 trustra
1517 5117 1623 5185 intimus
1632 5132 1709 5170 sensa
1723 5114 1806 5168 cornia
1816 5125 1874 5171 aaa,

253 5223 322 5278 qum
333 5204 551 5277 postdpnstolus
563 5207 662 5278 posuit,
678 5223 733 5263 non
752 5218 818 5279 puto
831 5210 893 5268 illos
906 5226 975 5279 esse,
996 5215 1042 5285 qui
1096 5221 1122 5268 ct
1134 5227 1186 5266 aori
1197 5217 1286 5264 tenena
1300 5216 1388 5277 caput.
1412 5199 1453 5262 Ite'
1470 5206 1566 5276 quibus
1587 5205 1689 5273 angelis
1712 5203 1793 5258 dicit?
1814 5200 1835 5255 si
1846 5197 1876 5252 de

290 5318 532 5380 tinemuth
582 5318 829 5387 bisatmnnti.
868 5322 1102 5390 coenantis.
1140 5322 1248 5381 thom.
1261 5339 1289 5388 x,
1305 5322 1331 5379 1.
1380 5331 1392 5359 ²
1447 5320 1594 5390 oc.vtt,ii.
1636 5319 1753 5388 ldpoe
1779 5331 1830 5380 tlt»
1849 5311 1874 5366 ⁴·

255 5388 507 5454 statuamus.
545 5388 726 5459 tharthan,
747 5391 792 5445 26.
833 5391 953 5449 ittarta.
976 5395 1108 5463 nimbi.
1150 5395 1228 5450 itit.
1243 5411 1262 5462 r,
1279 5392 1320 5448 16.
1358 5390 1393 5447 tq
1438 5408 1478 5447 or.
1505 5407 1558 5457 att,
1583 5390 1632 5457 2&
1656 5388 1754 5443 Elias.
1778 5401 1812 5448 tv,
1834 5381 1873 5435 ll·

257 5459 454 5526 ¹hct.xxt,ll.
483 5459 699 5530 citonatus.
736 5461 935 5529 Ι1111111111.
974 5465 1072 5522 ⁰Psai.
1086 5464 1271 5530 castanaii.
1309 5459 1600 5524 thtcmvuuli.
1637 5470 1651 5510 a
1688 5449 1871 5521 teobaudi·

289 5549 329 5622 (a)
351 5550 392 5605 lta
416 5550 567 5606 comeditis
580 5548 661 5606 Grau.
674 5560 703 5608 et
716 5551 816 5608 Beued.
828 5568 891 5608 mss.
906 5554 960 5610 duo
974 5553 1032 5624 Big.
1125 5556 1160 5625 (a)
1174 5553 1291 5609 Siccam
1304 5553 1369 5609 edit.
1385 5552 1485 5610 Bened.
1498 5565 1561 5607 mss.
1578 5550 1636 5620 Big.
1648 5548 1713 5604 duo.
1723 5546 1773 5603 Ed.
1784 5545 1872 5608 ilasi-2

256 5619 366 5676 ttedia.
387 5621 480 5687 Rosa„
495 5638 526 5674 uc
537 5622 611 5691 [orte.
1051 5674 1053 5678 ,
1092 5623 1334 5696 perambulantium,

290 5688 328 5758 lb)
339 5690 411 5746 Edit.
426 5690 524 5745 Bcnod
550 5701 577 5747 et
590 5691 683 5762 tirum,
699 5691 887 5764 conquussavit,
901 5693 1040 5752 mendose.
1129 5693 1169 5764 (d)
1185 5692 1223 5747 lta
1233 5709 1293 5750 cunt
1306 5695 1370 5751 edit.
1382 5691 1482 5752 Bened.
1493 5690 1691 5764 rttss.Big.duo.
1702 5685 1773 5745 Edit.
1784 5683 1860 5741 ttasn

254 5755 356 5829 Graeca,
369 5764 508 5821 audiaris.
1094 5763 1304 5820 caussinum-tt.
