4034 6184
232 257 285 313 775
770 267 941 329 seennblx
957 266 1099 328 orendil
1117 269 1147 329 S.
1177 267 1325 330 bibino.
1827 265 1880 323 777

234 381 383 443 dolanemi
396 380 447 440 snb
460 394 535 448 cora.
552 389 582 440 ot
594 384 648 451 alt,
663 380 738 439 Gasti
750 381 869 447 diaconi,
883 374 1028 436 Ambrosio
1041 385 1067 443 A
1080 377 1202 462 ejusdem
1224 381 1348 453 perpetui
1374 380 1498 436 meminit
1518 378 1669 450 sigibertm
1692 380 1721 438 in
1742 376 1879 439 Chronico

233 453 545 511 autemluisseamanu
580 455 641 523 quis
652 467 707 509 non
721 452 811 508 rideat
824 448 1028 507 buncessedi·
1079 465 1266 506 circaannum
1288 450 1389 508 Christi
1411 450 1478 516 lis,
1503 450 1575 506 unde
1595 450 1697 522 liquido
1710 457 1822 507 constat
1833 461 1880 508 sut

234 539 343 580 uersum
365 538 380 578 a
405 521 518 579 Paulino
542 496 645 581 Nolano
666 523 722 592 jam
741 530 805 578 ante
821 520 1029 591 quadriennium
1079 518 1381 582 inconcinnitatem
1399 520 1472 576 orbis
1492 521 1647 591 episcopas,
1672 521 1707 575 ab
1720 522 1879 577 amanuensi

235 595 341 650 initiato
364 594 566 675 presbyteratu,
591 602 620 648 et
640 594 693 649 boc
713 603 835 662 tempore
853 591 880 645 ln
894 604 960 660 agro
974 587 1030 645 No·
1079 591 1197 672 quodam
1219 591 1344 662 imperito
1366 591 1456 646 addita
1478 599 1506 645 et
1526 590 1700 661 interpolata,
1715 597 1764 644 aut
1777 587 1881 658 Grego-

234 665 298 720 lano
321 671 419 733 agente
438 678 495 732 Jam
518 664 679 730 triennium,
703 662 793 731 ibique
813 660 925 715 lirmiter
938 658 1029 714 subsi·
1080 674 1151 715 rrum
1175 658 1361 716 Toronensem
1383 660 1490 731 stupide
1512 660 1618 729 lapsum
1636 659 1881 715 etsibicontradi·

235 735 343 790 stente‘l
367 732 477 803 Derepit
508 734 661 802 complures
689 747 809 787 nomen:
835 729 932 785 sedet
953 727 1030 798 quod
1080 743 1153 785 cere.
1169 729 1199 786 Si
1212 731 1284 786 enim
1301 739 1394 786 sextus
1410 737 1472 801 post
1486 728 1629 785 llartinom
1644 729 1793 801 episcopus
1806 729 1881 783 ordi·

235 805 315 859 ambo
325 803 374 857 riri
386 804 430 857 isti
440 804 588 872 Augustino
600 801 780 858 familiaritate
792 799 930 870 conjuncti
946 796 1031 853 luisse
1081 808 1160 855 natus
1179 808 1221 856 est
1244 799 1396 924 Perpetuus
1419 815 1491 855 anno
1515 808 1578 867 post
1591 800 1695 855 obitum
1709 797 1822 853 llartini
1836 796 1881 867 ot,

235 881 392 935 noscantur,
408 874 596 928 existimarunt
605 873 688 930 iidem
703 872 793 927 bunci
827 884 873 925 nm
887 869 934 949 qui
975 868 1032 939 953
1081 869 1130 925 sub
1154 884 1254 925 annum
1280 869 1379 924 lilet
1400 870 1489 924 adbuc
1509 884 1583 926 anno
1603 867 1656 923 trs
1676 870 1760 924 vitam
1775 877 1881 937 ageret,

235 885 951 1009 resgestasAmbrosiimemoriascommenxgntlursm
983 953 1031 992 au·
1080 939 1219 1008 quomodo
1257 942 1327 995 otuit
1350 939 1494 1002 Paulinus,
1519 940 1565 1008 qni
1590 954 1663 993 anno
1685 937 1881 1001 selonitem

235 1013 319 1067 linum
333 1011 481 1075 Nolanum
501 1027 596 1081 aquo,
609 1013 659 1067 etsi
670 1012 723 1067 alia
737 1009 862 1065 deessent
876 1006 1031 1062 firmissima
1080 1022 1142 1064 cunr
1164 1009 1198 1065 de
1244 1020 1280 1063 lta
1302 1009 1331 1067 S.
1356 1009 1464 1064 llartini
1492 1008 1589 1064 librum
1610 1015 1717 1063 sextum
1740 1008 1882 1063 scriberel

235 1077 1030 1221 dlllslsnniinllllulminadibili.ll
1081 1076 1882 1204 simillimisllinill‘llnlllrnll

235 1221 386 1289 Augustino
399 1222 559 1277 sanctissimi
574 1221 625 1276 riri
638 1219 727 1275 Vitam
742 1216 912 1288 conscripsit,
928 1216 961 1271 ad
971 1216 1031 1285 ejus
1082 1215 1185 1271 Paulini
1209 1216 1305 1274 Nolani
1322 1188 1477 1274 meminerit
1496 1217 1543 1271 lib.
1561 1234 1590 1279 n,
1606 1225 1635 1273 ct
1648 1232 1678 1272 se
1692 1218 1815 1286 ejusdem
1830 1232 1880 1271 no-

134 1319 140 1331 ·
236 1292 298 1345 vitae
322 1288 403 1347 [luem
426 1306 457 1345 se
482 1290 508 1345 in
532 1289 621 1346 Airiea
640 1288 804 1356 Cartbagine
818 1300 878 1343 esse
892 1293 1030 1342 versatum
1082 1287 1162 1343 minis
1176 1300 1237 1344 esse
1251 1295 1374 1344 testetur.
1390 1284 1459 1343 lluic
1473 1288 1614 1342 sententiae
1627 1286 1696 1342 adsti
1717 1287 1808 1341 relatur
1823 1285 1882 1342 Bel·

236 1359 367 1421 alllrmat,
383 1374 444 1414 cum
463 1362 519 1432 agit
533 1360 567 1416 de
580 1361 702 1429 irrogato
716 1358 844 1412 divinitus
856 1356 988 1426 supplicio
1002 1357 1030 1409 in
1082 1356 1211 1413 larmirus
1226 1357 1273 1412 lib.
1287 1357 1322 1413 de
1335 1356 1467 1426 Scriptor.
1482 1356 1581 1411 eccles.
1596 1357 1630 1411 de
1648 1355 1677 1411 S.
1694 1302 1810 1436 Paulino
1824 1355 1880 1411 No·

236 1429 395 1483 llarnannm
425 1431 581 1501 episcopum
607 1428 749 1484 Ambrosio
770 1427 975 1482 detrahentem:
1000 1432 1031 1480 ut
1082 1426 1147 1482 lano
1164 1427 1302 1481 observat.
1324 1424 1352 1481 Ξ.
1376 1425 1429 1482 Sed
1443 1435 1472 1481 et
1488 1427 1547 1495 ipsa
1560 1426 1680 1482 laudatio
1693 1425 1881 1480 Paubnisatis

236 1515 291 1554 non
306 1499 404 1554 mirum
419 1500 453 1555 sit
475 1500 548 1570 quod
571 1498 719 1555 innotuerit
741 1496 909 1565 Augustino,
931 1493 979 1563 qui
1002 1503 1032 1549 et
1083 1493 1162 1550 illem
1174 1497 1238 1551 lacit
1252 1497 1376 1552 eumdem
1399 1511 1453 1552 non
1470 1510 1531 1552 esse
1544 1498 1589 1565 qui
1606 1497 1708 1552 scribit
1729 1493 1771 1549 An
1783 1494 1828 1550 ille
1840 1511 1882 1551 su·

236 1582 297 1623 eum
312 1578 391 1622 antea
406 1571 514 1625 novisse
535 1570 622 1639 potuit
637 1583 698 1625 cum
711 1566 854 1621 llediclsni
866 1564 949 1618 vitam
964 1577 1030 1633 age·
1081 1566 1182 1648 perbiae
1195 1567 1283 1621 victor
1297 1581 1329 1622 ac
1344 1566 1482 1629 vanitatis,
1499 1565 1590 1620 animo
1603 1575 1659 1620 tam
1672 1565 1791 1620 demmso
1803 1565 1840 1619 de
1851 1580 1884 1620 ss

237 1646 317 1692 ret.»
346 1635 379 1692 Ει
395 1637 408 1710 5
424 1638 696 1706 dissonamobrem
710 1636 882 1705 semipsum
896 1633 1030 1688 interdum
1082 1650 1141 1717 ipso
1155 1637 1314 1700 venditaret,
1335 1634 1453 1707 insipnis
1465 1635 1529 1744 poet
1542 1635 1714 1707 ‹memqmmo
1731 1635 1786 1689 tote
1804 1645 1882 1689 ests-

237 1708 388 1764 enistimavi
409 1723 470 1765 esse
489 1707 629 1763 Paulinum
650 1708 725 1762 illurn
747 1706 793 1776 qui
815 1711 909 1759 auctus
934 1712 1029 1773 postea
1084 1705 1114 1758 ιιι
1128 1703 1198 1773 (bio.
1211 1721 1230 1760 ιι
1247 1705 1299 1759 l'it.
1316 1704 1347 1761 S.
1362 1704 1474 1775 liert).
1500 1703 1535 1760 Et
1548 1715 1637 1760 tamen
1652 1704 1795 1760 devinctus
1813 1719 1883 1773 prm-

237 1776 383 1833 diaconatu
404 1779 552 1834 acerrimus
572 1776 719 1833 insurrexit
738 1777 909 1845 impugnator
920 1772 1032 1827 heresis
1047 1741 1184 1843 Bjudicio
1199 1774 1328 1830 luretns:
1353 1773 1470 1840 elmon,
1493 1775 1589 1845 inquit,
1610 1775 1653 1828 liic
1667 1773 1809 1828 Paulinam
1827 1789 1885 1854 ⁸¹¹?

237 1844 402 1915 Pelagianoe,
417 1846 482 1903 dum
496 1847 659 1917 Cartbagine
677 1846 793 1917 primum
807 1840 1034 1899 adversusGmlo
1083 1846 1165 1915 ipsios
1186 1845 1249 1915 fidei
1272 1844 1437 1899 lundonnern
1459 1844 1550 1899 uideri.
1573 1845 1659 1900 immo
1672 1844 1806 1909 observa,
1819 1857 1884 1914 qma

236 1916 319 1998 stium
332 1916 565 2042 ἰοωιιιιίιιοοριέιοῖι
580 1917 694 1999 concilio
709 1923 819 2039 οιιοιὲιοξ
832 1913 1029 2036 οκὲιέυξιεςίιοηοίι
1084 1923 1139 1969 tam
1151 1912 1293 2039 ''ffffmssw
1303 1914 1338 1969 de
1352 1912 1582 2039 Paulinocleltoelano
1594 1913 1780 2037 sentfitgrbmc
1791 1911 1885 2036 ΡιὲιΙΙί·

237 1996 955 2127 filcauflrrwe'ustraprearalactltr‘mssr'rlboffiestius’grisium
965 1996 1033 2106 (ξιι-
1083 1999 1515 2123 ramgrgmginsanqffggxfieffifflm
1525 1998 1732 2109 affinem
1771 1985 1815 2109 οῐὶ
1856 1998 1884 2038 u

238 2125 341 2193 tbagini
354 2072 537 2192 demiraretur,
553 2140 585 2181 ac
600 2132 695 2194 postca
712 2123 820 2188 Rome3
834 2121 926 2177 oblato
940 2119 1034 2175 adver·
1084 2123 1156 2178 baud
1170 2124 1296 2180 existimo
1312 2125 1503 2180 necessarium.

237 2207 285 2251 tus
307 2209 369 2250 eum
392 2195 498 2252 Zosimo
520 2210 599 2267 pape
620 2195 750 2249 libello.»
781 2192 833 2260 Qui
856 2190 934 2262 plura
958 2190 1033 2244 volet
1119 2191 1254 2249 lncodlce
1273 2192 1437 2263 Regularum
1464 2192 1580 2264 Append.
1598 2191 1696 2263 porei
1710 2210 1736 2264 p.
1753 2190 1884 2263 8l)qnas
2005 2182 2006 2195 ¹

237 2264 362 2320 consulat
375 2264 505 2321 isidorum
522 2267 557 2321 de
576 2264 647 2320 Viris
662 2262 809 2319 illustribus
826 2262 872 2317 lib.
886 2277 923 2325 rr,
936 2268 964 2315 et
975 2259 1035 2314 Bel-
1084 2263 1193 2333 mllegit
1206 2278 1278 2319 nono
1290 2263 1383 2320 seculo
1397 2262 1426 2318 S.
1499 2263 1604 2319 edictus
1614 2263 1776 2319 Anianensis
1785 2261 1885 2330 abbas,

237 2332 380 2390 larminnm
394 2334 441 2392 lib.
455 2335 490 2393 dc
503 2334 634 2406 scriptor.
646 2333 795 2390 ecclesiast.
809 2330 844 2387 ad
857 2345 958 2386 annum
968 2328 1031 2398 lbi),
1084 2340 1176 2388 exstat
1198 2333 1337 2418 enjusdam
1360 2331 1465 2389 Paulini
1484 2331 1683 2402 fragmentum,
1708 2332 1764 2387 boc
1781 2332 1884 2387 titulo:
2005 2370 2006 2379 .

238 2403 373 2459 observat.
389 2404 415 2459 l.
1085 2402 1117 2458 S.
1133 2402 1239 2458 Paulina
1251 2403 1287 2457 od
1300 2404 1441 2458 monoclms
1453 2405 1587 2474 responsio
1600 2402 1633 2456 de
1645 2402 1885 2473 possusumus

273 2470 379 2529 Primus
401 2474 508 2529 curavit
528 2471 810 2530 Franciscnsluretus
825 2469 896 2541 typis
910 2467 1032 2524 mandari
1084 2473 1166 2527 solvit
1179 2474 1376 2543 questionem:
1393 2471 1527 2538 Quomodo
1542 2471 1652 2527 meone
1666 2473 1886 2545 monasticem
2005 2474 2006 2531 ἶ

237 2540 272 2598 de
284 2541 344 2597 Vita
359 2551 387 2597 et
405 2542 542 2599 iliracnlis
563 2544 592 2597 S.
609 2542 716 2597 llartini
732 2555 780 2596 ses
793 2540 885 2602 libros,
901 2553 971 2608 quos
985 2538 1034 2593 tri·
1083 2543 1281 2615 penitentium?
1298 2542 1427 2598 Antorem
1443 2541 1552 2613 prefert
1566 2543 1754 2611 eloquentem,
1774 2556 1828 2597 nec
1840 2549 1886 2596 ta·

236 2610 296 2692 buit
309 2611 338 2667 S.
350 2609 464 2694 Paulino
477 2611 617 2693 llolanoG
660 2608 1033 2692 ΙοιὶἱἸζιιιοιιοιιοίιιοειιιιιο-
1084 2628 1147 2695 rnen
1168 2612 1310 2669 Paulinum
1324 2610 1474 2680 Nolanum,
1495 2613 1646 2695 utoplnor;
1662 2629 1716 2668 non
1730 2613 1804 2667 enim
1819 2625 1886 2694 oq·
2005 2670 2006 2689 χ

239 2681 391 2741 molultns.
405 2697 452 2751 qur
466 2682 534 2738 libro
554 2697 563 2737 ι
584 2682 617 2736 de
659 2679 809 2736 naculrsS.
826 2678 945 2746 llarnm,
961 2692 986 2733 c.
1004 2677 1033 2741 2,
1085 2682 1217 2739 nssirnnm
1239 2683 1384 2753 posuisset,
1406 2697 1440 2738 er
1463 2696 1518 2753 quo
1536 2683 1580 2738 dre
1601 2683 1661 2752 quis
1679 2682 1889 2736 abrennntramt
2005 2718 2006 2745 ,

215 2764 217 2767 ’
236 2750 278 2806 sic
290 2753 402 2808 scribite
416 2751 545 2806 Paulinus
558 2768 656 2824 quoqne
669 2750 758 2805 beatos
772 2749 886 2804 Nolano
899 2748 970 2803 urbis
981 2749 1034 2817 epi-
1084 2752 1177 2808 secrrlo
1198 2768 1251 2808 uon
1275 2754 1420 2808 memorari
1443 2752 1502 2823 ejus
1520 2752 1618 2809 delicta
1632 2764 1692 2821 quae
1716 2766 1732 2806 a
1754 2759 1888 2833 muoepto

236 2836 340 2888 erasm,
354 2831 412 2893 porr
425 2824 536 2892 scriptos
550 2823 748 2893 veteremque
761 2819 884 2874 tetrarte
897 2818 1033 2873 vitutibus
1085 2824 1246 2892 baptismis
1266 2823 1349 2892 gessit
1371 2823 1398 2877 in
1419 2824 1522 2890 mento,
1536 2823 1563 2877 in
1578 2822 1777 2893 quotannmm
1794 2836 1828 2876 se
1841 2837 1888 2891 pn·
2005 2834 2006 2839 ¹

236 2890 292 2960 einr
312 2907 377 2961 qous
400 2890 510 2947 Seuerus
533 2897 684 2961 compienne
706 2900 764 2953 est,
780 2890 828 2944 illc
841 2888 1034 2960 comprehendit
1084 2893 1186 2948 stisiam
1201 2893 1236 2948 de
1251 2893 1355 2963 reliquo
1368 2893 1525 2964 promiserit
1533 2891 1600 2957 ileo,
1614 2893 1686 2948 neci
1721 2906 1766 2946 um
1780 2890 1889 2946 debere
2005 2900 2006 2929 i

237 2960 363 3015 miracula
373 2977 431 3042 qne
444 2970 502 3044 post
519 2964 576 3033 eins
587 2971 665 3086 gesta
678 2961 897 3025 marnensium,
911 2958 937 3013 id
950 2958 1034 3012 estin
1085 2962 1209 3019 dubitare
1229 2963 1395 3019 dominicum
1414 2977 1514 3033 corpus
1530 2960 1678 3034 accipere(
1696 2956 1764 3029 lid„
1778 2978 1807 3032 p.
1825 2959 1887 3030 82).

236 3032 572 3183 megaram
589 3103 617 3155 in
636 3110 710 3156 sesto
726 3102 811 3183 operis
824 3099 866 3153 rui
879 3097 1032 3180 diruemus
1046 3110 1069 3172 c
1085 3103 1142 3159 lino
1156 3114 1264 3169 nostro,
1282 3104 1329 3173 qui
1347 3103 1496 3185 monachus
1510 3111 1539 3158 et
1554 3101 1696 3184 piresbpter
1706 3099 1890 3181 lactus-saepe

236 3180 399 3294 {muslinse
408 3171 595 3295 :nasaniam
610 3168 1033 3294 effurspeffissunsspffmengs
1083 3173 1229 3298 ffipgllrstde
1242 3173 1393 3231 commisso
1406 3173 1435 3228 in
1449 3172 1541 3229 seculo
1558 3171 1665 3228 delictis
1676 3171 1750 3227 dolet
1761 3178 1791 3226 et
1805 3183 1889 3239 inge-

326 3278 334 3291 ·
1123 3260 1136 3298 s
1184 3284 1191 3298 .
2005 3284 2006 3293 ,

236 3306 363 3363 Ecclesiae
387 3309 481 3364 sedem
504 3256 619 3379 adema
641 3317 683 3363 est
699 3255 775 3375 ,affine
792 3255 833 3363 ¹'dl
852 3316 916 3378 post
929 3306 1033 3361 obitum
1121 3312 1161 3366 Ad
1184 3322 1335 3369 extremum
1362 3312 1518 3369 meminisse
1543 3327 1562 3368 o
1599 3318 1652 3367 rtet
1683 3309 1749 3366 illud
1775 3307 1890 3365 Sidonii

236 3376 355 3458 blartini,
369 3386 398 3433 nt
411 3386 525 3460 testatur
541 3380 657 3460 ipsemet
670 3377 817 3459 Gregorius
831 3377 997 3432 Turonensis
1012 3376 1031 3431 l.
1084 3381 1249 3453 Apollinaris
1276 3382 1333 3437 ιιι,
1347 3384 1384 3446 lv,
1396 3401 1438 3454 ρρ,
1453 3382 1481 3448 5,
1493 3400 1520 3453 ρ,
1535 3326 1657 3454 015⁰un
1667 3380 1774 3450 singula
1788 3381 1891 3447 sinqu-

238 3447 296 3528 lde
308 3445 401 3502 ΗΜ·
417 3447 534 3513 Meritus
549 3464 575 3505 c·
587 3447 632 3513 ⁶¹,
645 3446 771 3519 idemque
784 3445 886 3502 ilistor.
901 3445 1030 3502 Frarrcor.
1087 3453 1120 3508 lis
1134 3454 1256 3510 ecclesie
1292 3454 1395 3509 utribus
1410 3454 1481 3508 dona
1495 3466 1545 3508 sna
1559 3451 1723 3517 attribuens,
1737 3448 1892 3505 Paulinum

237 3515 284 3570 ¹¹¹¹·
299 3533 326 3584 ¹2
341 3532 366 3573 θ·
381 3518 432 3582 51,
453 3519 497 3572 ubi
512 3520 621 3574 uomina
633 3518 823 3588 episcoporum
836 3516 1033 3572 Turonensium
1085 3539 1226 3594 prouocare
1239 3523 1305 3579 dicit
1318 3541 1325 3576 ε
1340 3523 1414 3594 quod
1432 3523 1467 3577 de
1488 3522 1618 3591 singulari
1633 3519 1782 3577 acrimonia
1800 3520 1892 3574 inter-

237 3586 332 3641 ⁰i¹¹i¹l0
344 3587 464 3643 referetis
476 3590 534 3642 ²³¹²
550 3589 646 3645 &21⁸⁸
657 3597 731 3672 ll>⁰⁸l
740 3587 772 3642 B·
788 3586 943 3670 liminum)
958 3586 1033 3669 ordi·
1083 3594 1244 3718 pretandum
1254 3601 1306 3659 est,
1321 3594 1394 3649 etde
1403 3593 1430 3647 vi
1442 3593 1602 3648 suavissima
1612 3605 1666 3660 qua
1676 3590 1762 3661 ipsius
1775 3588 1892 3659 Scripta

235 3655 374 3712 notaner
392 3658 623 3731 enunueqmere
634 3667 735 3729 etipse,
746 3665 868 3721 otmunt,
879 3654 1031 3722 Senatores,
1095 3671 1207 3733 egentes
1227 3663 1263 3720 sd
1281 3658 1441 3733 obsequias„
1462 3661 1562 3717 christi
1584 3669 1612 3717 er
1626 3670 1750 3718 exacuam
1779 3674 1892 3730 ιιι-πω.

235 3725 305 3780 dines
319 3727 361 3781 nal
400 3768 408 3793 ,
431 3739 456 3783 er
469 3729 624 3798 peronem
645 3730 762 3783 ennon
778 3727 875 3782 neten
891 3727 1037 3797 pernum-
1087 3742 1195 3805 ptornrn
1217 3732 1278 3803 eins
1297 3732 1449 3790 custodiam
1471 3741 1618 3804 provocat,
1647 3731 1731 3787 allicit
1748 3738 1837 3799 atquc
1850 3730 1892 3786 in-

235 3812 291 3850 nes.
307 3796 361 3853 Sed
385 3807 413 3853 et
436 3797 563 3855 Sidonius
586 3798 761 3869 Apollinaris,
775 3798 822 3853 lib.
841 3813 879 3862 m,
894 3798 974 3867 epist.
989 3795 1034 3862 l8,
1088 3803 1189 3860 oendir,

234 3876 342 3921 sertum
355 3882 370 3922 a
384 3867 502 3926 ldartino
512 3869 662 3925 antistitem
676 3867 840 3939 Perpetuum
854 3868 994 3931 nominat,
1008 3873 1038 3923 et

251 3986 1883 4023 Ἢ--ς

728 4088 1106 4163 bissisRTA'rlu
1122 4091 1393 4167 SEPTIMA.

791 4223 842 4273 os
861 4224 1109 4275 naumurum
1137 4225 1167 4276 s.
1186 4226 1346 4276 annuus.

235 4332 289 4389 Pro
299 4332 397 4403 captiuo
410 4330 534 4386 nonnum
546 4343 574 4384 se
588 4328 668 4383 tradit
687 4327 825 4384 Paulinus.
843 4328 900 4398 Quo
911 4339 1028 4404 empore
1083 4347 1136 4388 nos
1158 4331 1186 4388 in
1208 4332 1318 4403 pletatis
1340 4328 1438 4388 olicus
1464 4343 1521 4386 rem
1541 4343 1650 4385 omnem
1672 4331 1893 4405 consumsisset,

455 4399 658 4469 inrequisitus
672 4399 804 4454 mciderit.
1046 4408 1072 4469 1)
1084 4411 1262 4473 posceretqne
1275 4403 1310 4458 ab
1325 4417 1358 4457 eo
1382 4401 1462 4456 vidua
1482 4408 1512 4454 ut
1522 4399 1605 4454 lilium
1618 4399 1753 4469 captivum
1769 4400 1826 4459 sibi
1842 4421 1893 4462 re·

271 4471 297 4528 l.
317 4470 356 4526 lle
369 4468 483 4526 Paulino
497 4469 601 4526 Nolano
615 4470 649 4525 ab
663 4484 735 4525 alerio
749 4468 801 4522 lli
815 4468 850 4524 ad
865 4484 966 4526 annum
976 4468 1031 4525 lli
1083 4473 1211 4539 dimerct,
1234 4487 1264 4527 sc
1287 4473 1373 4544 ipsum
1395 4487 1445 4542 pro
1457 4469 1504 4525 illo
1517 4471 1544 4525 in
1558 4471 1714 4525 seruitutem
1727 4471 1893 4542 tradidisse,

234 4542 261 4600 in
275 4542 388 4598 historia
399 4541 464 4597 nibil
478 4541 668 4611 comperimus.
689 4538 766 4607 Quod
784 4554 849 4595 sero
866 4540 970 4610 insigne
983 4556 1041 4607 ca:
1084 4557 1118 4598 ac
1130 4541 1324 4598 Wandalorum
1337 4543 1409 4612 rogis
1420 4554 1521 4610 genero
1542 4541 1568 4595 in
1583 4539 1672 4594 Africa
1687 4540 1816 4597 colendis
1828 4544 1894 4600 lior·

234 4613 322 4668 nitatis
344 4611 497 4682 exemplum
522 4611 557 4666 de
580 4625 614 4666 eo
636 4609 719 4665 relert
732 4607 878 4734 Gregsorius
892 4608 928 4663 ll.
945 4608 1029 4676 (Dici.
1085 4611 1120 4669 tis
1131 4627 1161 4668 se
1173 4611 1317 4668 addixisse.
1338 4609 1423 4678 Quem
1435 4626 1496 4667 curm
1512 4609 1659 4665 Wandnlns
1674 4609 1700 4663 in
1716 4620 1892 4679 potestatem

233 4681 278 4739 lib.
294 4697 333 4749 m,
347 4698 371 4736 c.
388 4681 428 4750 l),
440 4680 505 4737 illud
522 4681 585 4736 bnic
604 4680 745 4736 intervallo
768 4694 783 4734 a
826 4679 884 4734 ,ribi
899 4681 1033 4750 posseri-
1083 4697 1161 4738 suam
1184 4682 1342 4753 recepisset,
1364 4681 1462 4738 hortuli
1483 4696 1575 4735 curram
1600 4681 1625 4735 ei
1642 4680 1723 4751 796
1731 4684 1892 4751 commisit;

233 4754 323 4808 detor.
359 4750 392 4808 Et
415 4751 523 4821 quidem
545 4751 579 4804 ad
604 4751 755 4830 posteriora
779 4747 884 4804 Paulini
907 4759 1031 4820 tempora
1084 4751 1131 4876 qui
1144 4765 1206 4807 cum
1228 4751 1298 4808 datis
1321 4750 1355 4807 de
1378 4750 1536 4821 quotidiano
1559 4749 1652 4806 laboro
1669 4765 1719 4806 suo
1741 4757 1894 4821 responsis

233 4820 335 4877 relerre
358 4837 413 4877 non
435 4821 571 4884 convenit,
594 4835 656 4876 cum
670 4828 737 4875 satis
749 4817 874 4874 babuerit
889 4821 985 4876 virium
1002 4830 1032 4876 ut
1103 4821 1195 4878 oririno
1213 4820 1376 4891 placuisset,
1399 4836 1461 4876 eum
1475 4820 1502 4875 in
1517 4819 1683 4888 colloquium
1697 4821 1832 4878 dominus
1846 4824 1893 4881 lu-

233 4891 342 4946 bortum
366 4890 524 4957 excoleret,
549 4890 624 4944 etin
648 4889 699 4945 hac
718 4889 913 4946 exercitatione
923 4892 1029 4945 venusti
1084 4891 1152 4947 bens
1177 4897 1206 4947 et
1231 4889 1357 4961 frequens
1379 4891 1517 4955 adhibuit;
1541 4905 1657 4960 euinque
1671 4889 1822 4959 aliquando
1835 4892 1893 4951 soli

233 4961 323 5015 vultus
332 4962 451 5031 speciem
465 4974 525 5029 quse
534 4958 683 5029 juventutis
697 4960 805 5029 propria
817 4968 858 5016 est
872 4976 927 5031 prre
941 4976 971 5015 se
985 4966 1030 5015 tu·
1084 4962 1157 5017 inter
1169 4976 1200 5017 se
1214 4959 1394 5025 dissererent,
1409 4976 1423 5016 a
1438 4957 1552 5016 Paulino
1566 4962 1683 5016 monitos
1696 4969 1739 5015 est
1752 4970 1784 5016 nt
1797 4965 1891 5021 rebus

234 5031 306 5086 lerit.
321 5030 367 5085 Sin
388 5030 446 5085 nlos
464 5038 554 5085 autem
568 5044 654 5084 annos
668 5029 701 5083 ad
716 5043 817 5083 annum
831 5046 915 5101 nsque
930 5029 982 5084 tls
996 5045 1030 5086 eo
1084 5031 1141 5087 suis
1153 5031 1327 5099 consuleret,
1349 5039 1377 5087 et
1395 5031 1429 5086 de
1442 5040 1515 5087 statu
1527 5028 1720 5086 Wandalorum
1730 5029 1891 5104 cogitarem,

234 5101 306 5172 quod
321 5101 348 5155 in
363 5041 457 5156 galliis
471 5108 498 5155 et
511 5113 574 5154 cum
593 5098 743 5168 Augustino
758 5098 852 5154 babuit
865 5100 1029 5155 commercio
1084 5100 1212 5171 quoniam
1233 5100 1340 5156 illorum
1364 5116 1411 5154 ret
1430 5115 1510 5157 socer
1527 5099 1587 5169 ejus
1605 5101 1680 5155 brevi
1694 5108 1768 5156 esset
1793 5102 1890 5159 inter-

233 5170 270 5225 ita
283 5171 433 5241 completos
449 5169 589 5232 vileruns,
614 5179 644 5225 ut
656 5169 714 5238 ejus
728 5168 856 5223 absentie
868 5180 974 5240 ternpus
985 5170 1029 5226 cui
1085 5172 1180 5225 iturus.
1200 5168 1259 5226 Hoc
1272 5170 1317 5226 ille
1335 5170 1427 5226 retulit
1447 5171 1503 5235 regi
1526 5170 1572 5239 qui
1587 5170 1691 5225 autoris
1703 5170 1762 5237 ejus
1771 5174 1891 5229 consilii

235 5255 322 5296 annus
344 5241 440 5295 saltem
464 5238 622 5295 tribuendus
645 5247 697 5307 est,
719 5253 773 5294 non
788 5239 966 5310 reperiamus.
983 5237 1029 5294 lli·
1083 5239 1192 5295 ridendi
1214 5256 1295 5296 cansa
1319 5240 1390 5310 apud
1412 5255 1541 5309 generum
1555 5255 1682 5311 pransum
1698 5240 1792 5306 uenit,
1818 5246 1891 5312 quia

234 5309 313 5366 detur
335 5312 417 5365 etiam
440 5309 590 5377 Augustino
613 5316 707 5365 notum
729 5318 757 5365 et
779 5318 950 5379 perspectum
973 5323 1028 5364 non
1084 5308 1213 5365 Paulinus
1229 5309 1263 5364 ad
1281 5311 1421 5367 dominum
1439 5325 1500 5367 cum
1518 5311 1665 5381 pranderet
1681 5311 1789 5365 solebat
1802 5313 1890 5369 olera

233 5377 315 5436 luisse
338 5388 393 5434 tam
414 5379 518 5435 illustre
538 5379 617 5435 amici
631 5380 672 5435 sni
686 5376 803 5445 lacinus,
818 5379 891 5449 quod
905 5378 1029 5449 prolecto
1081 5375 1200 5435 deferre.
1213 5378 1298 5445 liujus
1318 5381 1415 5435 intuitu
1433 5397 1482 5437 rex
1492 5390 1645 5436 commotus
1655 5393 1757 5449 genero
1772 5381 1888 5439 confes-

233 5448 261 5505 io
276 5450 344 5505 libro
358 5449 521 5505 decivitate
536 5447 584 5503 llei
598 5447 632 5503 de
643 5464 676 5504 eo
693 5449 798 5504 locutus
817 5464 871 5504 non
888 5450 1028 5507 tacuisset.
1082 5462 1129 5506 sus
1142 5456 1184 5505 cst
1197 5452 1321 5506 eumdem
1336 5450 1478 5505 Paulinum
1496 5458 1525 5505 et
1544 5447 1696 5520 complures
1710 5450 1779 5506 alios
1793 5466 1826 5507 se
1843 5454 1889 5508 ri-

232 5515 296 5575 llaec
309 5520 464 5576 summatim
480 5517 808 5589 complectiturbistoria,
821 5517 1030 5589 cuiussingulas
1081 5517 1154 5574 disse
1177 5533 1226 5589 per
1247 5531 1355 5576 noctem
1375 5521 1502 5577 sedentes
1520 5520 1625 5590 jndices
1646 5521 1692 5592 qui
1715 5534 1732 5574 e
1752 5520 1889 5578 manibus

232 5596 324 5658 partes
347 5589 475 5646 describit
497 5586 644 5659 Gregorius
664 5588 700 5643 lt.
722 5587 770 5642 lib.
795 5602 823 5643 ιιι
845 5586 921 5642 binio
941 5603 988 5643 .e.
1001 5587 1028 5655 l,
1082 5587 1166 5658 ipsius
1185 5586 1320 5657 tingellnm
1339 5591 1516 5646 abstulerant.
1536 5588 1681 5646 Tumnero
1692 5587 1825 5646 Paulinus
1838 5591 1889 5648 di·

235 5656 434 5729 ·Garnpaniam
448 5658 703 5715 nimirnmltallcam
719 5657 907 5729 populantibus
945 5657 1030 5712 anda·
1082 5671 1145 5715 cere
1159 5673 1189 5715 se
1207 5661 1364 5731 episcopum
1386 5660 1615 5730 compulsorem
1640 5668 1742 5717 etcum
1757 5659 1890 5719 Nolanos

145 5748 150 5755 ·
232 5727 277 5797 lis,
285 5742 312 5789 et
319 5728 442 5799 plurimis
452 5725 862 5801 indlricamcuptirisabductis,
870 5728 1029 5785 cnmPanli·
1083 5731 1157 5787 cires
1171 5730 1294 5800 captivos
1313 5743 1363 5798 per
1381 5726 1496 5786 Alricam
1512 5746 1560 5787 rex
1571 5729 1670 5800 inquiri
1680 5729 1807 5800 iussisset
1820 5738 1888 5803 (eo-

611 3032 715 3101 tpaulo
729 3039 790 3101 post
802 3030 871 3085 idem
885 3026 1032 3096 Gregorius
1085 3031 1152 3100 Quis
1172 3032 1245 3088 enim
1269 3046 1387 3102 unquam
1399 3032 1596 3089 asseveraverit
1609 3032 1637 3086 id
1650 3033 1799 3097 convenire
1813 3028 1890 3085 Pau·
2005 3040 2006 3045 ’
