4034 6184
155 354 206 409 977
458 354 488 409 S.
506 352 655 410 curuum
678 352 830 412 srtscort
847 352 1045 411 insulensis
1063 352 1360 449 condemnemus.
1380 352 1445 409 nte.
1462 353 1485 411 1.
1734 354 1805 411 uto,

153 478 296 528 euenerant
320 468 449 527 correctis
475 484 507 526 ae
532 469 643 540 repletis
667 468 770 525 lacunis
793 485 800 521 ι
835 469 945 524 mmetsi
958 476 985 537 Α
997 468 1101 540 reliqua
1115 469 1150 525 de
1163 470 1254 542 operis
1266 470 1355 542 pretio
1367 470 1535 527 eruditorum
1546 469 1657 541 judicic,
1671 486 1722 528 nee
1732 486 1804 529 nou¹

153 559 250 630 religio
270 559 335 617 mihi
357 557 456 622 luerit,
478 571 511 613 ea
529 557 619 613 omnia
638 556 778 628 inquibus
798 555 941 627 aliquando
997 562 1088 618 uarias
1110 562 1229 632 ejusdcm
1248 562 1382 621 editiones
1404 564 1449 620 bic
1466 576 1608 623 recensere
1626 566 1796 633 omittimus,

152 659 248 708 auctor
261 650 287 706 in
301 656 408 706 erectas
421 649 487 704 artis
500 647 695 719 poeticeleges
703 646 943 719 peccaritimmu·
995 668 1056 724 qum
1069 653 1139 723 apud
1153 652 1308 725 Leyserum,
1321 652 1491 723 Fabricium,
1506 664 1588 728 atque
1610 654 1718 717 Gallium
1738 653 1787 711 lit·

153 752 222 796 tare.
236 740 303 796 Nam
317 746 346 795 et
360 740 388 796 iu
402 738 520 807 antiquis
529 737 704 809 scriptoribus
715 736 758 792 rel
774 736 833 809 ipsa
845 736 943 792 menda
997 743 1089 798 storiae
1101 743 1238 798 litterariae
1250 752 1375 800 auctores
1387 744 1416 800 ll.
1426 760 1467 801 m.
1482 745 1560 802 iacile
1573 751 1731 803 occurrunt.

151 831 275 886 venerati
287 829 445 886 debemus.»
467 827 526 884 Huc
537 842 623 899 usque
636 828 678 882 uir
690 826 796 885 doetus.
811 825 944 887 Celerum

710 1079 783 1195 s.
808 1079 1233 1197 onrnunrr

519 1266 1428 1421 COMMONITORIUM.

569 1483 616 1547 (lix
628 1496 674 1534 ms.
686 1483 772 1535 codiee
784 1483 888 1547 tmtgnls
898 1480 1014 1535 ecclesie
1032 1483 1060 1535 S.
1080 1483 1179 1535 liartini
1198 1480 1370 1546 Turonensis.)

724 1763 913 1865 LIBER
949 1763 1211 1868 PRIMUS.

220 1949 347 2022 Quisquis
360 1947 514 2005 adaeternm
527 1936 639 2002 festinus
652 1943 848 2016 premiorum,
956 1975 979 2035 B
1097 1945 1235 2003 Terruerit
1246 1948 1316 2003 miro
1328 1947 1484 2020 quadrupes
1496 1948 1634 2019 alloquio:

256 2038 443 2111 Perpetuanda
453 2036 540 2108 magis
553 2050 634 2108 quam
647 2034 768 2106 peritura
782 2034 867 2103 cupis,
1064 2034 1115 2104 Qui
1127 2051 1227 2107 magno
1241 2038 1312 2109 regis
1324 2039 1422 2109 trepidi
1435 2039 1585 2109 uebrmue
1598 2048 1711 2111 rogatu,

130 2160 135 2167 ,
221 2132 287 2201 Qum
299 2130 397 2187 coelum
410 2136 534 2195 reseret,
547 2135 662 2184 mortem
675 2127 768 2196 luget,
786 2140 883 2199 aspera
896 2126 938 2182 ui·
1103 2125 1165 2183 Dira
1178 2143 1260 2203 super
1272 2137 1395 2185 sanctum
1408 2130 1491 2186 rerba
1503 2145 1603 2202 paraus
1616 2131 1755 2202 populum,

839 2219 902 2294 [tet,
1009 2214 1045 2272 55
1062 2216 1122 2275 Non
1142 2219 1231 2290 potuit
1254 2221 1364 2292 proprie
1387 2228 1492 2279 motam
1515 2221 1567 2279 sibi
1589 2220 1705 2279 subdere
1727 2222 1779 2278 liu-

255 2311 338 2370 Feiici
351 2317 442 2368 currat
453 2310 572 2376 immite,
583 2308 657 2367 disee
669 2308 752 2366 riam.
811 2310 814 2321 ¹
1644 2311 1746 2387 ignom,

183 2404 203 2462 b
220 2403 287 2460 llam
304 2418 364 2470 uos,
377 2414 406 2459 et
418 2403 508 2460 caruis
520 2398 601 2467 uitiis,
617 2408 645 2457 et
658 2408 780 2473 tempore
793 2401 867 2470 uicti,
1099 2400 1153 2460 Ore
1165 2403 1239 2460 aliud
1247 2402 1348 2473 dicens,
1364 2405 1446 2463 corde
1458 2405 1531 2464 alind
1543 2406 1666 2480 cupiens.

255 2495 403 2552 Terrenum
417 2495 563 2564 gradimur,
575 2494 632 2551 siue
645 2494 747 2551 doloris
760 2495 831 2551 iter:
1064 2492 1335 2552 Nammaiedicturus
1347 2496 1430 2553 nimie
1442 2497 1602 2555 benedioere
1613 2498 1711 2570 coepit,

221 2585 339 2657 Solaque
351 2585 494 2657 permixtis
507 2585 565 2641 lucc
577 2590 640 2640 erunt
652 2582 735 2640 modo
746 2584 845 2655 gaudia
859 2584 937 2652 totis,
1099 2584 1262 2659 impendens
1275 2587 1334 2643 aliis
1348 2599 1396 2643 ora
1409 2596 1504 2659 parata
1518 2587 1587 2645 aliis.

257 2677 297 2748 Si,
311 2676 384 2748 quod
397 2693 452 2734 non
466 2675 587 2743 iacimus,
601 2676 698 2733 salum
711 2675 757 2732 alii
771 2675 890 2743 iaciant,
1064 2673 1135 2747 Ergo
1148 2677 1201 2734 nisi
1214 2677 1369 2749 eloquium,
1384 2694 1493 2736 sensum
1508 2679 1580 2748 nisi,
1595 2679 1717 2746 Christe,
1732 2680 1783 2737 mi·

222 2768 331 2840 thuis
341 2784 414 2826 nunc
425 2770 507 2835 istim,
520 2769 593 2841 quod
602 2769 725 2840 protinus
736 2767 839 2841 eiiugd,
853 2768 939 2825 mutat
1627 2772 1747 2847 [nbues

168 2863 204 2920 lb
256 2860 347 2917 [odilis
359 2861 431 2933 capti
443 2860 565 2932 degimus
578 2859 720 2917 illecebris.
1009 2852 1046 2917 40
1099 2860 1219 2920 &natus
1232 2863 1328 2921 animes
1341 2871 1371 2921 tu
1383 2864 1449 2934 nbi,
1463 2864 1580 2935 Christe,
1595 2878 1673 2935 regas
1684 2882 1692 2933 ;

222 2951 382 3022 tusorum,
396 2951 533 3018 uberum,
549 2948 641 3015 lausi,
656 2949 749 3017 breve,
767 2946 878 3017 mobile,
892 2962 941 3004 vo·
1062 2952 1115 3011 ora
1133 2955 1256 3013 nomines
1274 2970 1387 3022 omne,
1411 2963 1440 3013 et
1457 2963 1551 3024 mnu,
1575 2963 1603 3013 et
1615 2957 1694 3013 cruta
1706 2964 1778 3012 tenc

817 3038 903 3113 [llltm,
1402 3050 1408 3062 “
1716 3053 1748 3115 l;

255 3130 631 3202 ideumalanoxarumorigo
645 3129 804 3201 praecipitat.
974 3116 983 3146 ‘
1098 3136 1231 3210 Quodque
1244 3137 1327 3195 etlam
1340 3145 1463 3211 possum,
1477 3138 1529 3196 hoc
1541 3047 1717 3210 quoquam
1730 3153 1779 3210 pu.

222 3227 353 3285 Omnibus
364 3225 425 3294 bis,
449 3224 547 3296 raptim
564 3238 625 3294 quse
641 3232 705 3279 sunt
723 3221 874 3284 moritura,
898 3235 941 3277 re·
1091 3267 1098 3279 .
1420 3259 1422 3263 -
1628 3230 1739 3305 [suunt.

804 3314 904 3391 [lictist
1065 3320 1201 3392 Principio
1213 3320 1348 3391 geminam
1360 3321 1444 3380 debes
1457 3336 1622 3395 cognoscere
1636 3322 1729 3388 utem,

256 3413 297 3469 'iu
310 3410 372 3469 lorti
386 3421 478 3469 teneas
490 3427 544 3468 non
556 3411 686 3467 moritura
700 3408 762 3465 lide.
1099 3411 1124 3469 A
1138 3412 1253 3473 nomino
1266 3413 1397 3470 indultam
1410 3429 1472 3471 cum
1485 3415 1591 3475 ratione
1605 3414 1729 3473 bomini:

171 3505 206 3567 l5
223 3504 314 3577 Engo,
330 3518 399 3576 age,
423 3504 459 3561 da
472 3519 572 3577 pronm
585 3518 686 3572 aures,
709 3517 872 3573 sensumque
892 3518 941 3557 ra·
1011 3502 1047 3559 lb
1066 3500 1121 3558 Ut:
1146 3503 1275 3575 quoniam
1290 3504 1399 3561 bmtum
1413 3513 1521 3563 terreno
1535 3514 1578 3563 est
1590 3505 1710 3577 pendete
1722 3521 1784 3563 cor·

770 3595 905 3668 [cantemz
1666 3596 1748 3671 [putea

257 3691 318 3747 Vita
330 3688 452 3771 docenda
465 3687 531 3745 mibi
544 3694 598 3753 est,
612 3687 667 3744 uita
681 3686 799 3759 petenda
810 3687 870 3744 tibi.
909 3752 918 3775 ἱ
956 3688 979 3751 (2
1100 3683 1149 3739 Est
1161 3684 1249 3739 anima
1263 3682 1354 3740 ailiatu
1369 3684 1502 3743 uiuificata
1515 3686 1584 3745 bei:

223 3785 286 3850 Sed,
301 3798 355 3854 quo
364 3782 400 3839 sit
412 3780 507 3837 melior
515 3780 603 3839 nostri
616 3779 739 3836 doctrina
752 3779 847 3850 libelli,
1065 3774 1171 3830 Nudlum
1185 3776 1317 3832 sentirent
1329 3777 1424 3833 anime
1436 3778 1577 3850 dispendia
1589 3778 1682 3845 doctri,

256 3873 290 3929 lit
303 3878 395 3930 teneat
407 3878 496 3929 rectas
508 3870 634 3929 carminis
645 3869 713 3928 ordo
725 3871 802 3928 vias:
836 3922 840 3927 .
1102 3864 1180 3923 isset
1193 3868 1221 3923 in
1232 3867 1512 3942 bocbagilieorpore
1524 3872 1581 3928 rita
1592 3872 1695 3930 branis.

226 3966 273 4033 Te,
288 3967 359 4035 lions
369 3964 548 4034 omnipctom,
563 3969 593 4019 et
606 3962 698 4031 corde,
712 3971 742 4019 et
753 3977 822 4021 uoce
835 3976 939 4033 rogare,
1066 3956 1153 4016 unam
1166 3959 1292 4016 nascendi
1304 3961 1374 4018 ratio
1384 3962 1459 4033 prius
1472 3962 1598 4021 omnibus
1611 3962 1705 4033 ailert,

171 4064 208 4116 iti
260 4059 299 4115 Te
307 4060 366 4115 sine
379 4071 431 4113 nec
443 4054 561 4125 linguam
575 4056 690 4122 soluere,
706 4054 823 4125 Christe,
837 4055 941 4126 piacet:
1010 4048 1046 4105 bil
1098 4046 1175 4108 lianc
1188 4067 1253 4108 cura
1265 4060 1293 4109 et
1305 4054 1421 4127 propriis
1432 4056 1604 4126 consequitur
1616 4056 1729 4113 meritis.

225 4152 337 4208 Demere
350 4149 397 4220 qui
410 4147 535 4203 tenebras
547 4155 675 4204 reuocato
688 4146 789 4203 lumine
802 4146 889 4214 uncis,
1066 4141 1146 4200 Nasci
1158 4159 1214 4201 non
1224 4153 1356 4213 nostrum,
1369 4160 1420 4203 nec
1429 4146 1538 4218 longum
1546 4146 1785 4214 microcosmum

261 4240 387 4297 Auditum
400 4238 488 4296 surdis
501 4238 611 4295 auribus
622 4238 752 4304 inserere,
1105 4235 1265 4306 vitamque
1282 4240 1404 4309 sequitur
1415 4240 1472 4297 rita
1483 4255 1581 4315 parare
1590 4248 1690 4314 potest

225 4335 352 4407 Corporis
365 4342 394 4390 et
406 4333 505 4390 metitis
517 4347 603 4389 saeuos
615 4331 750 4403 depellere
763 4330 889 4396 morbos,
1069 4325 1102 4382 At
1113 4324 1176 4382 lieet
1189 4326 1300 4385 arbitrio
1312 4328 1417 4387 Domini
1429 4336 1565 4388 sumamus
1579 4340 1733 4405 utramque,

263 4425 375 4484 Solvere
388 4430 525 4480 mutorum
535 4423 582 4494 qui
595 4422 655 4492 pius
668 4436 714 4477 ora
727 4422 818 4478 soles:
1102 4415 1135 4471 Et
1147 4426 1242 4474 neutra
1256 4420 1393 4490 obveniat,
1407 4421 1434 4477 ni
1448 4421 1520 4478 ileus
1532 4421 1585 4478 boc
1596 4422 1705 4493 jubeat

171 4518 209 4575 25
227 4517 264 4573 Tc
277 4531 361 4588 penes
374 4515 492 4573 cilicium
506 4514 591 4569 nostri
600 4523 653 4583 est,
666 4522 695 4569 et
706 4514 795 4570 cordis
808 4522 837 4569 et
847 4513 912 4580 oris,
1014 4505 1050 4562 55
1067 4505 1157 4564 Prima
1169 4518 1258 4567 tamen
1272 4510 1356 4567 celeri
1369 4512 1455 4569 iertur
1468 4527 1518 4585 per
1530 4530 1616 4585 prona
1629 4523 1737 4584 rotatu,

261 4608 300 4664 iia
312 4606 413 4663 sentire
426 4605 501 4673 mibi,
516 4604 550 4662 da
563 4604 628 4660 mibi
639 4618 719 4676 posse
731 4604 823 4675 loqui:
1105 4597 1170 4667 Quae
1183 4601 1304 4673 sequitur
1317 4602 1382 4659 totis
1393 4611 1436 4659 est
1448 4602 1511 4659 data
1525 4604 1702 4675 temporibus.

226 4698 356 4754 Nimirum
377 4704 406 4752 ut
430 4702 551 4752 nostram
564 4700 690 4765 vegetent
704 4702 748 4749 tua
765 4708 876 4750 munera
890 4693 944 4749 liu·
1067 4689 1095 4746 in
1110 4692 1223 4761 primam
1237 4692 1323 4763 ignari
1336 4694 1414 4750 nulla
1423 4695 1549 4752 mercede
1562 4696 1695 4765 uenimus,

798 4782 907 4857 [guam;
1101 4781 1192 4837 Altera
1204 4782 1237 4839 de
1251 4798 1355 4841 summo
1367 4791 1445 4857 parta
1456 4785 1550 4843 labore
1559 4786 1643 4843 uenit.

262 4881 301 4937 ilc
312 4895 361 4952 per
373 4888 400 4936 te
413 4878 448 4935 de
460 4886 490 4935 te
505 4878 541 4934 sit
552 4877 602 4932 tibi
615 4891 705 4934 sermo
719 4876 838 4947 placens.
1067 4872 1207 4931 Noscirnur
1227 4883 1257 4930 ut
1278 4876 1421 4934 Dominum
1442 4877 1526 4947 coeli,
1550 4886 1706 4951 terreque,
1727 4896 1783 4936 ma·

227 4972 351 5032 lisndato
363 4988 424 5032 cum
434 4971 509 5043 jussa
523 4977 572 5026 tuo
586 4970 754 5042 superaverit
766 4984 876 5026 omnem
1637 4971 1747 5046 [risque

173 5067 209 5125 5⁰
262 5065 400 5134 Naturam,
415 5072 506 5121 nostra
520 5078 588 5120 uoce
601 5060 693 5120 imens
706 5063 791 5146 adua,
956 5102 983 5163 D
1010 5057 1044 5117 ὅθ
1097 5056 1254 5162 (inieramus
1266 5068 1325 5117 toto
1338 5061 1481 5133 pervigiles
1492 5063 1601 5128 studio;

225 5157 260 5213 Et
272 5156 386 5217 stimulis
393 5154 503 5229 propria
516 5154 684 5230 subigentem
698 5161 773 5225 terge
787 5153 896 5210 Balaam
1065 5147 1315 5222 thrrmus;utqui
1322 5153 1367 5221 sit,
1373 5153 1702 5227 qualis,reiquaums,agot
1708 5152 1784 5224 quid,

191 5288 278 5346 Versu
291 5286 318 5343 8.
333 5288 377 5343 bi.
392 5287 463 5371 quid.
1032 5285 1118 5342 Versu
1132 5285 1176 5341 50.
1190 5286 1235 5342 ill.
1248 5287 1364 5358 buum.

191 5359 278 5416 Versu
294 5357 338 5414 ld.
351 5359 391 5415 lta
401 5376 429 5415 nt
442 5356 561 5415 editiom
572 5355 653 5413 Deirii
664 5374 672 5424 ;
684 5356 712 5412 in
726 5372 777 5412 ms.
794 5370 859 5413 vero
873 5357 941 5426 legi·
1031 5355 1120 5413 Versu
1131 5356 1176 5411 dl.
1192 5357 1234 5413 lli.
1247 5358 1329 5430 Atque
1338 5374 1387 5413 suu
1396 5359 1517 5416 nimiis

157 5439 201 5487 tur
210 5432 318 5502 emutat.
1033 5426 1117 5483 Versu
1131 5425 1175 5481 lb.
1190 5426 1274 5493 belm,
1291 5428 1384 5485 Unica.

191 5500 279 5557 Versu
296 5499 341 5555 lt.
364 5496 414 5556 iiie
434 5513 530 5556 veretas
552 5498 656 5569 integer
679 5497 757 5556 deest
776 5497 803 5553 in
821 5496 941 5555 editione
1030 5495 1215 5554 vocubulis
1225 5512 1275 5554 ms.
1290 5497 1781 5569 subinmlligltmuomo,sivemortuis.

157 5571 250 5627 belrii.
997 5566 1070 5625 Care
1081 5580 1146 5636 ergo
1159 5582 1194 5623 ue
1207 5569 1325 5638 corrigas
1338 5570 1524 5638 meaequintar.
1543 5567 1610 5623 Nam
1628 5568 1686 5624 linc
1701 5570 1783 5625 verba

193 5640 277 5698 lieren
290 5639 334 5694 20.
348 5638 452 5695 belrius
462 5656 504 5695 ne.
996 5637 1149 5695 reseruntur
1161 5637 1196 5692 ad
1209 5653 1241 5694 ea
1251 5653 1311 5710 qum
1324 5640 1405 5710 paulo
1414 5649 1493 5695 anma
1507 5638 1631 5695 dixerat:

192 5711 277 5767 Versu
287 5709 333 5765 24·
348 5708 388 5764 ¹¹¹·
400 5724 462 5772 ms,
477 5710 557 5790 ΨΜ
1056 5729 1180 5791 Principio
1190 5733 1312 5792 geminam
1323 5732 1401 5783 debes
1411 5743 1559 5795 cognoscere
1572 5733 1657 5795 vitam

194 5781 280 5836 Versu
294 5780 338 5835 st.
353 5780 394 5834 ill.
408 5795 455 5833 nec
469 5796 569 5833 mirum.
1088 5791 1225 5841 illumino
1235 5792 1351 5845 indultam
1362 5806 1416 5843 cum
1427 5794 1521 5844 rationo
1533 5793 1638 5846 bomini.

193 5851 280 5908 Versu
292 5850 337 5906 28.
352 5850 466 5914 belrius,
482 5850 555 5904 milri.
1033 5875 1122 5935 vem
1133 5872 1177 5930 53.
1189 5874 1274 5944 Dok,
1290 5875 1379 5930 mm
