4034 6184
161 282 207 344 111
885 293 1002 351 ruunt
1021 295 1065 352 tt.
1735 299 1789 356 tii

224 402 267 459 Sit
276 399 615 474 satls,antiqnamserpens
622 403 694 473 quod
704 402 836 477 perdidit·
846 401 942 470 Suam,
960 411 982 466 Α
1069 406 1219 477 Tempora,
1235 415 1431 479 cunctaturque
1449 408 1522 477 dies,
1537 412 1631 483 procul
1645 413 1786 484 0010000-

224 493 765 567 beoeptumque·au1unxitboam.ttos
782 511 945 566 10100ορ0-
1714 507 1786 579 [nutu

880 585 948 658 11010
1067 585 1252 645 insidiatorem
1266 589 1372 646 blandis
1389 592 1527 648 erroribus
1540 608 1663 664 anguem.

175 675 209 732 55
225 674 345 743 Semina,
361 675 485 732 veridicis
497 685 563 731 aetns
574 676 586 707 ⁸
597 674 725 745 praedicta
741 674 885 746 propinetis
1104 675 1167 734 1100
1180 679 1233 749 pia,
1248 680 1296 736 sed
1310 690 1403 736 musto
1414 683 1570 753 trepidantia
1585 693 1647 739 nota
1662 692 1749 748 rentur,

227 763 350 820 vitemus
362 764 482 833 laqueos,
497 780 565 835 quos
577 761 664 819 letiier
675 763 794 834 implicat
808 764 912 831 anguis.
1016 764 1051 820 80
1068 765 1174 823 Christe
1186 768 1225 839 (a)
1239 769 1310 841 apud
1323 779 1452 827 (eternum
1471 773 1609 843 placabilis
1624 789 1715 830 assere
1735 773 1786 829 Pu·

229 855 481 928 Pandeviam,qua
495 871 538 912 me
552 864 614 926 post
628 854 732 911 vincula
749 856 871 925 corporis
884 854 949 926 agri
1695 869 1786 940 ltrcru,

228 945 259 1003 ln
272 946 388 1003 sublime
401 945 485 1002 ieram
499 964 506 1000 r
522 948 581 1018 puri
596 961 649 1017 qua
663 946 750 1002 lactea
764 946 824 1001 ooeli
1070 949 1205 1020 Salvator,
1220 952 1291 1010 Deus
1302 969 1334 1012 ae
1350 955 1493 1027 Dominus,
1506 975 1591 1025 mens,
1612 959 1708 1030 gloria,
1723 959 1789 1013 l'er·

229 1036 333 1093 Semita
347 1046 467 1094 rentosae
479 1045 589 1107 eruperat
603 1051 670 1106 naga
688 1037 788 1092 lumina
803 1036 894 1091 lunae:
1015 1033 1018 1046 ¹
1702 1049 1787 1119 lpum,
1904 1071 1909 1080 .

177 1126 212 1183 10
229 1126 288 1194 bus
302 1142 429 1197 proceres
440 1127 531 1183 abiere
544 1126 591 1197 pli,
606 1141 714 1197 quaque
724 1126 829 1195 integer
842 1125 905 1181 olim
1069 1127 1153 1185 Filius
1168 1128 1216 1203 (1),
1230 1140 1259 1188 01
1269 1148 1334 1189 vero
1347 1149 1440 1190 verum
1454 1134 1487 1191 de
1502 1134 1601 1191 lumine
1614 1138 1715 1204 lumen,

231 1216 336 1288 Raptus
357 1216 372 1258 ⁵
391 1216 550 1289 quadriiugo
568 1224 693 1287 penetrat
713 1230 794 1287 super
816 1215 918 1271 aethera
937 1214 948 1246 ⁸
1069 1218 1184 1277 AEterno
1198 1236 1259 1278 cum
1273 1222 1352 1279 Patre
1366 1240 1492 1292 manens,
1508 1227 1534 1281 in
1552 1228 1641 1282 secula
1656 1242 1787 1295 regnnns;

859 1305 951 1379 [curm
1070 1309 1196 1366 Corrsoua
1218 1328 1298 1383 quem
1313 1313 1348 1387 (c)
1368 1316 1489 1371 celebrat
1511 1317 1648 1372 modulato
1670 1317 1788 1372 carmine
1889 1324 1892 1332 '

230 1398 313 1468 Elias,
327 1409 356 1457 et
368 1400 455 1457 solido
467 1414 529 1455 eum
539 1412 654 1468 corpore
667 1398 782 1469 prierius
791 1395 894 1454 Enoch.
1671 1406 1785 1480 [pleone

269 1491 318 1559 00,
331 1489 419 1558 Pater,
433 1491 526 1546 eterni
539 1499 673 1560 speratam
687 1488 794 1544 luminis
808 1502 911 1552 ruram,
1018 1485 1055 1542 85
1071 1486 1105 1543 Et
1114 1490 1282 1560 responsuris
1295 1490 1355 1547 ierit
1369 1509 1431 1548 aera
1442 1493 1553 1550 vocibus
1565 1514 1571 1549 :
1584 1495 1678 1552 lmen

231 1579 260 1638 Si
275 1581 377 1653 lapides
389 1597 444 1637 nun
455 1581 518 1651 juro
531 1579 608 1648 deos,
622 1594 758 1650 unumque
771 1578 880 1635 verendi
1289 1579 1404 1638 Poene
1427 1583 1473 1639 Vl.
1489 1585 1498 1605 ¹

177 1670 216 1728 ib
233 1672 388 1745 Suspicione
397 1673 482 1728 altare
493 1672 574 1742 sacri,
589 1671 714 1727 libamina
730 1673 792 1726 ritae
1055 1665 1106 1738 (00
1120 1665 1150 1723 S.
1165 1666 1285 1723 Iohanne
1300 1669 1419 1742 Baptista
1433 1672 1529 1726 (1001011
1542 1670 1731 1746 Procurrere.)

232 1761 393 1818 intemerata
404 1761 462 1818 iero
477 1761 729 1831 :siteborninique
743 1760 844 1831 licique
962 1764 987 1826 Β
1070 1757 1179 1836 Summe
1194 1758 1388 1827 Paterrerunr,
1404 1762 1627 1832 coeliqneteterna
1641 1771 1770 1834 potestas,

232 1850 345 1921 unigeni
361 1862 373 1892 ⁸
387 1865 522 1921 cognosco
534 1849 652 1918 Patrem,
668 1852 832 1921 mixtumque
846 1850 950 1908 duobus
1070 1847 1137 1904 Cum
1151 1863 1205 1917 quo
1219 1850 1400 1914 nostrasalus,
1410 1860 1564 1906 sanctoruni
1578 1852 1662 1920 gloria
1672 1853 1788 1921 Christe,

230 1931 282 2008 b‘nt
293 1955 377 2011 super
387 1955 525 2009 equoreas
537 1939 668 1996 volitabat
678 1938 792 2010 Spiritus
805 1939 900 1996 unrlas.
1069 1938 1185 2010 Spiritus
1200 1949 1228 1995 et
1241 1939 1313 1995 Patri
1327 1942 1427 2012 pariter
1440 1941 1562 2018 Nataque
1575 1943 1723 2010 cohaerens,

253 2030 948 2103 110,0001100,0001010,01·000010000000100ορ0100,
1070 2030 1121 2097 Qui
1132 2039 1236 2085 mentes
1247 2028 1404 2100 linguasque
1414 2031 1493 2099 regis,
1506 2032 1630 2101 viresque
1640 2032 1787 2101 ministras,

175 2118 212 2177 tu
230 2120 259 2177 Si
273 2129 300 2177 te
315 2136 369 2177 uun
384 2121 516 2192 pecudum
528 2120 613 2187 libris,
626 2138 678 2176 non
693 2121 822 2190 sanguine
837 2119 896 2176 lusu
1034 2116 1053 2172 5
1071 2118 1222 2175 Promeruit
1234 2135 1302 2190 quas
1314 2119 1371 2174 sola
1387 2117 1471 2176 ildcs:
1486 2119 1529 2175 eui
1544 2121 1622 2190 plena
1637 2131 1770 2191 potestas,

229 2209 327 2278 Qtu'ero
338 2228 346 2264 a
358 2225 410 2267 nee
423 2210 528 2268 amanis
543 2225 641 2265 numen
652 2209 775 2280 eorrjeeto
789 2210 838 2266 sub
851 2211 931 2266 entis.
1069 2208 1158 2263 Brutis
1172 2209 1319 2277 ingenium,
1329 2223 1478 2279 vocemque
1490 2208 1630 2264 infundere
1643 2212 1734 2277 mutis,

229 2299 408 2372 333-333
425 2299 454 2355 Si
469 2297 483 2338 ‘¹
497 2299 601 2356 scelere
618 2300 752 2367 abstineo,
766 2300 852 2355 errurl
867 2300 949 2371 ipse·
1070 2298 1171 2355 Presta
1187 2299 1347 2370 Euangeliou
1360 2299 1468 2354 ductnrn
1483 2299 1517 2355 de
1528 2301 1601 2356 iente
1610 2298 1769 2367 iohannem,

702 2391 847 2465 [obnoxius
864 2409 871 2444 ι
887 2401 914 2446 01
927 2392 950 2448 si
1069 2391 1098 2446 ln
1113 2399 1205 2447 nostra
1219 2393 1306 2447 arenti
1316 2392 1459 2448 decurrere
1473 2395 1591 2448 carurina
1607 2394 1675 2448 rivo.

160 2535 168 2554 ,
229 2483 300 2556 opto
313 2484 409 2554 magis,
420 2497 500 2555 quam
514 2482 577 2547 1100,
588 2483 675 2539 bonus
685 2498 820 2555 purusque
829 2485 947 2554 probari,
1105 2483 1153 2539 llle
1178 2484 1286 2555 quidem
1313 2492 1423 2552 tantus,
1449 2493 1578 2556 quantum
1612 2486 1699 2557 potuit
1725 2486 1789 2543 dare

229 2574 387 2633 Confessam
407 2574 519 2645 0100000
537 2574 655 2630 animam
676 2591 683 2628 ε
706 2574 729 2629 si
753 2577 874 2631 membra
903 2591 949 2630 ea·
1661 2577 1788 2648 [0001ιο0,

865 2664 949 2739 [duca
1018 2664 1052 2719 10
1070 2663 1119 2732 Qui
1133 2665 1206 2721 nasci
1219 2665 1298 2720 talem
1314 2681 1383 2721 nova
1396 2680 1446 2736 per
1457 2666 1583 2722 miracula
1595 2664 1695 2735 iussit:

173 2751 209 2810 tt
229 2751 372 2824 Susecror,
385 2763 414 2810 et
426 2756 537 2811 tacitum
559 2755 582 2811 sl
596 2757 720 2827 poenitet,
733 2755 842 2825 altaque
854 2771 949 2812 sensus
1070 2754 1125 2810 Sed
1135 2755 1236 2810 licitum
1250 2756 1353 2823 magnis
1366 2763 1458 2810 tenues
1472 2756 1627 2825 impendere
1640 2771 1730 2824 eurus,

230 2842 357 2900 Fortuido
370 2846 515 2911 excruciat,
527 2852 715 2914 tormentaque
727 2860 787 2902 sera
802 2846 932 2915 gehennae
1069 2845 1125 2901 1100
1138 2846 1315 2913 dedignantur
1325 2846 1404 2900 vilem
1419 2846 1539 2901 eoelestia
1553 2837 1660 2901 laudem
1675 2864 1681 2901 :

229 2936 376 3006 00001001,
392 2936 546 3007 patiturque
554 2949 618 2991 suos
632 2950 708 2992 mens
721 2937 812 2992 saucia
827 2951 930 2992 000000.
1069 2933 1134 2990 Pars
1144 2937 1224 2990 etiarn
1235 2936 1332 3000 rrreriti,
1347 2936 1471 2989 meritum
1486 2936 1622 2995 celebrare
1634 2939 1739 3005 piorum
1753 2953 1760 2990 :

266 3025 412 3093 11010100,
423 3028 481 3083 1100
491 3035 584 3084 nostro
592 3027 649 3083 lleri
658 3038 671 3065 ·
680 3036 739 3082 rata
748 3036 947 3098 votapreeatu:
1069 3024 1124 3080 Nec
1137 3040 1207 3080 unua
1221 3040 1307 3091 nutrc,
1322 3034 1369 3079 aut
1381 3034 1474 3081 nostra
1488 3041 1603 3082 canam:
1619 3026 1711 3082 dixere
1725 3042 1790 3097 pro·

227 3117 272 3174 101
290 3125 424 3186 metuam,
445 3118 605 3189 cupiamque
624 3117 712 3173 nibil:
728 3119 794 3175 satis
813 3119 866 3175 boe
889 3114 987 3177 rean
1689 3117 1790 3191 [nabetur

790 3207 798 3224 ‘
867 3209 960 3283 [esse
1020 3203 1055 3261 15
1071 3202 1173 3261 Cuncta
1182 3204 1268 3275 prius,
1281 3204 1419 3275 sanctique
1429 3205 1479 3260 viri
1490 3220 1614 3262 sermone
1624 3206 1713 3262 soluto

176 3299 209 3355 00
226 3297 384 3368 mudnatis
395 3303 460 3354 est:
479 3296 518 3354 ull
531 3305 609 3369 turpe
627 3297 721 3365 velim,
734 3313 786 3355 nec
803 3312 883 3354 causa
897 3314 949 3370 pu·
1073 3292 1237 3351 Promissum
1251 3303 1392 3362 exortum,
1407 3296 1490 3350 uitam
1510 3305 1679 3367 mortemque
1698 3311 1791 3352 saera-

221 3389 223 3392 '
866 3390 951 3464 [doris
1413 3429 1417 3436 ,
1694 3387 1790 3461 [runtr

225 3478 287 3536 Sim
298 3477 366 3535 milri
378 3495 385 3533 a
398 3492 450 3535 nee
469 3477 567 3535 inuam
589 3479 730 3548 cuiquam,
745 3492 806 3549 quae
828 3487 950 3549 ternpore
1072 3471 1101 3530 Si
1115 3489 1188 3530 mors
1198 3474 1243 3530 illa
1256 3473 1317 3543 luit,
1331 3475 1502 3545 meruitque
1511 3477 1640 3546 sanguine
1655 3479 1764 3533 coelunt.

843 3568 949 3641 [eodem
1072 3563 1309 3636 3353361100
1328 3573 1432 3619 tantum
1449 3565 1566 3620 modulis
1585 3565 1710 3621 euoluere
1720 3567 1792 3623 dicta

224 3656 318 3716 1001110
331 3657 401 3715 10010
414 3658 644 3716 milritnecrero
657 3658 770 3715 erimine
784 3657 877 3724 leder,
1673 3655 1792 3727 [carioris

222 3753 282 3808 1100
295 3750 415 3807 01000100
424 3750 506 3807 dubie
519 3768 526 3804 r
542 3750 649 3821 paulum
662 3750 762 3807 distare
773 3750 879 3806 videtur
1073 3740 1211 3810 Venimus,
1223 3749 1252 3796 et
1265 3756 1343 3796 versu
1358 3749 1463 3797 mentes
1475 3741 1566 3796 laxare
1580 3743 1715 3810 legentum
1730 3760 1738 3796 :

226 3841 386 3912 8000οο101,
397 3854 514 3909 vereque
526 3855 599 3896 reus.
619 3838 711 3895 111010
724 3855 805 3911 posse
818 3838 930 3897 incultas
1072 3831 1118 3888 Sic
1133 3832 1207 3903 (nanu
1221 3845 1316 3901 nragna
1330 3832 1393 3888 licet
1406 3831 1507 3901 parnis,
1518 3832 1627 3901 antiqua
1642 3833 1764 3900 novellis,

175 3928 210 3986 05
224 3929 305 3987 uum
318 3931 370 3999 111,
388 3937 417 3986 01
426 3930 498 3986 bene
511 3931 522 3963 ⁸
535 3945 616 4001 posse
630 3930 701 3985 adsit
715 3931 859 3999 tranquilla
871 3938 950 4003 pote-
999 3923 1035 3980 itt
1070 3923 1191 3979 Periceta
1207 3923 1323 3980 indoctis
1336 3921 1470 3988 conferre,
1487 3934 1500 3972 t
1514 3933 1614 3980 aeterna
1625 3925 1746 3997 caducis)

870 4023 946 4096 [stas.
1070 4018 1219 4088 inspirante
1230 4017 1285 4073 ileo
1299 4016 1427 4086 quidquid
1441 4016 1534 4072 dixere
1547 4019 1662 4088 priores,

223 4110 285 4168 Sim
299 4110 373 4168 tenui
382 4111 455 4167 rictu
467 4118 549 4181 atque
561 4112 665 4177 babitu,
680 4112 730 4170 sim
744 4127 823 4169 carus
832 4114 946 4171 amicis:
1070 4108 1179 4178 Aptnvit
1189 4108 1299 4164 citlraris
1309 4122 1407 4163 nomen
1421 4109 1575 4164 reiterabile
1587 4108 1682 4174 [larid.

224 4200 262 4257 Et
275 4216 383 4271 semper
392 4203 501 4270 genitor
512 4202 571 4255 siue
583 4202 694 4258 vulnere
704 4202 820 4259 nominis
829 4203 919 4273 liujus.
1070 4198 1195 4256 Consona
1217 4199 1321 4255 ooelesti
1335 4213 1455 4270 pangens
1470 4200 1650 4255 modulamina
1666 4200 1789 4271 plectro:

223 4291 387 4347 1100001100
400 4290 518 4356 doleam,
534 4306 589 4345 nou
598 4306 723 4362 corpore,
736 4300 833 4348 cuneta
848 4294 947 4364 quietis
1070 4288 1241 4360 Nosquoque
1251 4288 1291 4344 ias
1300 4290 1455 4347 meminisse
1465 4291 1522 4356 ilci,
1531 4306 1692 4362 quamquain
1704 4293 1791 4368 obsita

223 4378 383 4449 Fungentur
395 4379 516 4434 membru
530 4375 626 4467 oilleiis
641 4397 649 4432 :
663 4395 716 4436 trec
724 4382 830 4437 0000100
843 4382 905 4438 ullis
1684 4381 1794 4456 [nroltis

173 4469 207 4525 10
224 4467 354 4524 Partibus
367 4468 496 4523 amissum
510 4467 656 4538 quidquam
670 4468 805 4525 desideret
818 4485 892 4526 usus.
960 4471 1034 4539 1225
1073 4471 1187 4529 Pectora
1200 4472 1356 4529 criminibus
1365 4473 1502 4529 eoelestenn
1517 4473 1661 4530 admittere
1672 4491 1792 4531 sensnrn.

223 4557 297 4617 Pube
309 4557 393 4625 imur,
408 4573 518 4615 neurus
530 4571 619 4628 emm,
633 4559 761 4615 miracula
774 4567 852 4615 terrac
1109 4562 1252 4619 Zacharias
1264 4561 1341 4634 Syria
1356 4559 1491 4631 quondam
1506 4562 1539 4618 de
1553 4572 1633 4631 gente
1647 4565 1790 4630 sacerdos,

134 4717 142 4724 ,
222 4652 303 4708 Nulla
316 4658 409 4722 putem
424 4664 568 4721 :suprema
581 4650 647 4704 mibi
660 4651 836 4707 cumvenerit
849 4651 926 4717 bora,
1069 4652 1180 4709 Credita
1191 4652 1422 4708 solernnicurabat
1432 4652 1531 4720 templa
1542 4662 1648 4722 paratu.

222 4742 281 4800 1100
290 4743 384 4798 timeat
397 4750 512 4797 mortem
524 4741 594 4797 bene
603 4741 711 4797 conseia
722 4741 787 4809 vita,
798 4757 849 4797 nec
858 4750 944 4812 optet.
1070 4744 1131 4798 Vita
1145 4743 1205 4809 viri,
1221 4743 1332 4813 pietate,
1348 4740 1410 4806 lide,
1424 4743 1566 4810 gravitate,
1584 4743 1697 4813 pudore,

222 4833 311 4889 Purus
325 4832 360 4888 ab
371 4832 486 4888 occultis
496 4847 558 4889 curn
571 4841 599 4887 te
613 4832 768 4900 indulgente
781 4834 904 4899 uidebor,
1070 4832 1205 4902 Obsequio
1220 4831 1352 4898 condigna
1368 4831 1414 4885 bet
1429 4829 1526 4900 coniux
1538 4832 1600 4886 buic
1614 4832 1684 4887 alnra

171 4922 207 4979 75
223 4922 320 4979 omnia
332 4923 489 4994 dapieiam,
504 4920 586 4979 luerit
598 4938 661 4978 cum
674 4923 732 4978 sola
748 4923 895 4993 uoluptas'
999 4928 1035 4984 00
1069 4924 1204 4982 Elisabeth
1219 4923 1305 4992 prisea
1316 4930 1470 4977 sanctorum
1484 4920 1568 4991 stirpe
1581 4921 1700 4977 uirorum

223 5011 360 5071 iudiciuin
372 5009 483 5086 sperare
493 5021 567 5069 tuum
581 5031 588 5067 ι
600 5012 674 5081 quod
687 5012 750 5068 dutu
761 5028 811 5069 sua
825 5013 914 5071 diiiert
1070 5016 1225 5086 Progenita,
1241 5021 1270 5069 01
1280 5021 1355 5067 10010
1370 5013 1512 5067 uirtutibus
1525 5027 1602 5082 ecqua
1616 5014 1725 5068 marito.

191 5215 201 5238 ·
216 5214 289 5273 Alias
304 5214 425 5287 brqood
444 5223 533 5273 001010
545 5213 563 5270 0
574 5223 647 5283 erat,
668 5230 740 5271 nunc
759 5215 787 5270 ’1.
808 5215 945 5289 Scriptum
1035 5218 1125 5273 allide
1135 5231 1179 5287 ep.
1195 5214 1241 5276 15,
1254 5229 1329 5269 num.
1343 5213 1385 5267 19.

158 5283 227 5341 circa
240 5300 339 5342 annum
352 5287 414 5344 000.
1034 5289 1073 5356 (a)
1087 5288 1156 5340 Editi
1173 5285 1232 5340 000.
1249 5283 1336 5347 (irin,
1353 5282 1456 5339 Poelm.
1472 5293 1500 5340 et
1518 5284 1612 5342 Schot.
1631 5285 1659 5340 in
1673 5298 1788 5355 margg..

193 5364 206 5391 ⁸
220 5352 287 5409 Vide
301 5364 357 5411 not.
373 5354 435 5409 ete.
998 5358 1079 5421 Nate,
1093 5364 1123 5411 ut
1136 5371 1215 5410 versu
1226 5352 1271 5408 00.

192 5421 355 5480 biidenot.
367 5424 429 5478 em.
1033 5427 1070 5498 (b)
1086 5425 1168 5481 iidem
1191 5423 1270 5481 codd.
1290 5439 1352 5480 cum
1372 5423 1454 5481 Grau.
1475 5425 1502 5480 in
1521 5439 1633 5495 margg,
1654 5421 1786 5477 Filium

194 5503 206 5532 ²
220 5488 287 5548 Vide
298 5509 383 5549 earm.
397 5493 442 5559 Sd,
458 5509 484 5549 r.
500 5491 544 5548 05.
995 5515 1053 5553 uero
1064 5512 1147 5551 uerus.
1442 5555 1445 5562 ,

192 5560 207 5601 1
221 5559 287 5618 Vide
301 5564 328 5618 in
339 5565 455 5634 append.
470 5564 549 5632 epist.
564 5567 629 5626 iad
641 5566 762 5636 001000,
773 5583 801 5623 0.
814 5565 840 5623 0.
1029 5567 1065 5637 (c)
1079 5566 1142 5620 Sola
1156 5563 1292 5634 llosreyd
1308 5562 1401 5627 editio,
1414 5563 1552 5629 celebrant,
1565 5560 1704 5616 mendose.
1721 5572 1783 5614 rum

193 5642 206 5670 ²
221 5628 287 5711 virle
299 5644 382 5687 carn..
399 5632 443 5698 11,
456 5650 484 5687 u.
499 5631 543 5687 05.
992 5652 1071 5691 uersu
1086 5634 1207 5705 sequenti
1219 5635 1348 5688 habeatur
1362 5634 1431 5706 ferit,
1447 5635 1490 5689 bie
1502 5634 1572 5690 cuitu
1582 5629 1669 5703 plebes
1688 5630 1781 5700 singu·

195 5699 205 5741 1
222 5698 286 5760 true
297 5715 380 5760 carm.
394 5702 422 5774 l,
436 5719 462 5760 r.
475 5703 501 5757 0.
992 5706 1043 5762 lari
1056 5721 1168 5762 trumcru
1179 5703 1300 5762 elirtur.
