4034 6184
81 350 86 375 ἡ
145 285 187 340 ill
835 278 1004 338 deistunt
1026 281 1117 343 xliii.
1724 298 1777 355 m

144 403 210 459 illino
223 401 329 469 ιιιιίιιιιι
342 400 476 473 serpentis
488 398 537 472 (l'.
549 406 606 455 not.
615 396 660 470 ts)
674 396 773 454 invidia
793 397 930 452 concitato
943 396 969 459 Α
981 412 1122 469 respersus
1135 391 1220 470 gratia
1241 401 1358 469 ltomlnl,
1372 417 1433 475 qoac
1446 404 1480 462 de
1494 406 1555 465 lldei
1568 416 1620 466 tme
1633 408 1774 468 abuudan-

144 508 168 548 n
179 492 264 547 lorias
278 492 397 555 tribuno,
423 490 562 546 districtus
575 488 603 544 in
616 487 738 550 uerbera,
753 493 781 541 et
792 485 877 540 rastis
888 484 931 539 fu·
984 487 1022 543 tia
1035 488 1212 555 redundabat,
1228 492 1274 560 qui
1294 491 1330 547 ad
1348 495 1514 564 puniendum
1527 498 1707 556 confessorem
1723 519 1776 558 ¹se-

143 582 224 638 stibus
237 580 514 648 fnctus,uectameu
529 580 615 635 victus
627 592 667 641 es,
683 575 845 646 quiacrueis
858 574 931 642 ligno
984 585 1081 647 uerat,
1105 585 1131 634 et
1152 581 1210 651 ipse
1238 582 1271 653 (ι)
1298 584 1437 642 confessus
1468 587 1643 644 absonum
1656 588 1776 648 emptura

143 672 309 729 innitebaris.
323 669 520 740 Geminataque
543 684 607 725 mox
625 667 733 738 corpori
747 680 838 737 porca,
852 672 933 722 acuto
984 668 1074 735 enim;
1089 676 1118 725 et
1139 683 1208 738 quos
1230 671 1345 729 eredens
1365 674 1560 744 praedamnarat
1581 683 1612 731 ut
1630 690 1703 743 reos,
1716 677 1778 733 lau·

143 772 270 829 tatarum
285 762 417 832 fragmine
429 761 529 816 laniata
542 759 704 815 immanibus
715 760 739 792 ¹⁸
750 757 837 829 plagis
846 771 933 813 mem·
984 759 1052 816 daus
1065 760 1156 817 emisit
1168 770 1198 816 ut
1209 772 1332 832 sanctum
1347 773 1375 821 et
1387 766 1569 823 testimonium
1581 768 1717 840 perbibuit
1729 785 1778 826 ve·

143 859 187 914 bra
201 857 243 930 (a)
257 856 389 912 subtritus
401 869 450 919 es,
466 860 531 908 tunc
552 852 661 907 modim
676 849 802 906 fulciente
815 848 933 914 cbristo.
984 853 1068 922 rituti,
1083 855 1129 925 qui
1140 863 1223 913 testes
1233 855 1294 913 fldei
1306 858 1401 927 punire
1414 860 1548 931 cupiebat.

143 948 216 1018 cuius
226 948 276 1003 tibi
289 945 421 1017 gremium
435 945 550 1001 lectulus
564 951 632 1011 erat,
646 951 675 999 et
692 943 786 999 dextra
800 942 934 1013 pulvinar.
1021 946 1049 1002 8.
1068 944 1139 1013 Quid
1152 961 1217 1017 ergo
1231 947 1360 1004 armemur
1372 956 1427 1005 tam
1441 959 1579 1022 potentem
1600 962 1628 1010 te
1640 967 1700 1011 esse
1719 969 1777 1009 me·

146 1036 218 1094 llude
231 1037 265 1093 ad
283 1036 416 1107 majorem
426 1036 542 1100 bostem,
554 1033 668 1090 necdum
680 1032 836 1089 volueribus
848 1033 934 1088 obdu·
986 1037 1110 1104 ritorum,
1125 1043 1181 1092 tam
1195 1034 1305 1093 divitem
1321 1040 1477 1109 gratiarum,
1492 1056 1554 1098 cum
1567 1043 1620 1100 boe
1634 1044 1682 1099 tibi
1695 1042 1777 1100 fuerit

144 1127 203 1193 ctis,
218 1128 368 1183 accensa-¹³
380 1125 472 1197 potius
481 1138 576 1180 eorum
584 1123 680 1180 dolore
693 1137 774 1192 quam
783 1122 868 1178 fracta
881 1123 936 1177 vir·
987 1126 1116 1181 uirtutum
1128 1126 1155 1181 in
1169 1125 1278 1183 cbristo
1287 1128 1482 1196 rudimentum,
1497 1131 1569 1200 qood
1583 1132 1725 1202 longorum
1739 1134 1777 1189 la·

145 1226 199 1273 tute
212 1225 366 1287 reparatus,
382 1215 481 1272 fortior
488 1213 822 1286 prosiluisti;eblstusqoe
831 1215 934 1278 comiti,
987 1216 1083 1271 borum
1103 1215 1195 1287 paucis
1216 1218 1414 1273 consummatio
1434 1220 1495 1274 esti
1517 1220 1674 1277 Dubitemos
1694 1222 1776 1277 etiam
1797 1200 1811 1219 ⁹

144 1306 176 1361 de
188 1305 342 1376 potentiore
354 1304 465 1360 inimico
479 1302 517 1377 (1)
530 1304 673 1373 gloriosius
686 1304 865 1375 triumphanti.
881 1304 937 1361 Nec
987 1319 1059 1360 nuuc
1071 1319 1105 1359 au
1118 1305 1253 1375 perfectus
1270 1305 1316 1370 sis,
1332 1307 1422 1376 quide
1434 1308 1600 1379 perfectione
1613 1307 1636 1341 ⁸⁷
1650 1309 1779 1379 coepistis

146 1396 178 1465 (ε)
193 1395 266 1451 ausis
280 1395 352 1450 ultra
372 1395 475 1451 diaboli
494 1395 654 1451 satellitibus
667 1403 794 1466 superata
814 1397 937 1465 ingerere
986 1393 1050 1450 etsi
1071 1394 1191 1464 legitime
1211 1394 1382 1453 coronandus
1401 1396 1438 1453 sis
1460 1410 1546 1466 agone
1569 1396 1692 1468 decurso,
1715 1414 1777 1455 com

147 1493 288 1552 ιιιιιιιιιιι,
303 1486 502 1558 capitalemque
520 1487 682 1543 senteutiam
695 1487 895 1552 meditantibus,
907 1496 937 1544 ut
987 1500 1098 1544 orauere
1115 1486 1230 1557 copem
1243 1502 1259 1542 a
1273 1489 1395 1544 munna?
1416 1490 1479 1557 Quis
1498 1490 1573 1544 daret
1591 1490 1665 1544 nafis
1678 1507 1777 1561 pennos

147 1577 185 1632 rel
199 1576 251 1633 fine
264 1577 383 1633 carnalis
393 1577 416 1611 ⁸⁸
427 1577 550 1633 toenitae
562 1572 634 1635 rioci
648 1578 688 1648 (d)
702 1577 867 1641 desinerent,
881 1577 936 1634 llo·
987 1579 1053 1634 sicet
1063 1577 1196 1644 commin,
1218 1578 1397 1633 stentoremus
1407 1577 1442 1633 ad
1452 1587 1489 1643 te,
1502 1591 1528 1634 et
1538 1578 1777 1652 rcqrtieecereums‘¹

148 1670 225 1723 mars
243 1677 336 1723 noster
349 1670 426 1742 fortis
438 1677 464 1724 et
477 1678 577 1740 potens,
597 1678 624 1724 et
635 1670 745 1725 indens
763 1671 792 1724 ia
805 1670 895 1741 proefio
910 1678 934 1738 ⁸,
987 1669 1015 1724 in
1026 1675 1173 1739 conspectu
1186 1668 1337 1725 uastitatis
1350 1676 1417 1735 tusc3
1432 1684 1524 1726 coram
1537 1669 1565 1724 in
1579 1684 1626 1726 ore
1640 1668 1776 1725 tuoCbri·

147 1757 294 1827 comptcois
316 1758 484 1815 mirabilibus
503 1767 615 1831 pectora
633 1758 782 1831 quamlibet
803 1759 934 1816 obdurata
948 1751 972 1810 tt
985 1767 1058 1817 stum
1071 1759 1157 1816 lleum
1170 1759 1194 1793 ⁸⁸
1207 1758 1372 1815 admirames
1390 1767 1473 1829 atque
1492 1766 1667 1825 uenerantes,
1688 1766 1777 1827 terge

148 1847 271 1903 confudit.
287 1847 354 1903 llam
368 1848 498 1915 carnifex,
509 1848 556 1919 qui
568 1849 595 1904 iu
609 1849 717 1914 itinere,
731 1864 786 1919 quo
799 1864 940 1920 percusso·
988 1865 1079 1907 remm
1088 1849 1192 1920 capillis
1206 1848 1289 1920 pedes
1302 1848 1373 1905 illim
1387 1849 1414 1903 in
1435 1849 1488 1905 tuis
1499 1848 1621 1918 pedibus,
1637 1856 1666 1904 et
1688 1848 1777 1919 lamp-1

150 1955 200 1994 rem
213 1948 292 1996 tuom
305 1955 384 1997 sacm
403 1942 512 1998 victima
529 1941 696 2012 sequebaris,
711 1943 845 1998 cervicem
865 1949 938 1998 tuam
988 1939 1041 1996 mis
1061 1939 1210 2009 rigaremus
1225 1947 1249 2004 ·,
1272 1944 1301 1994 et
1321 1937 1349 1992 iu
1372 1936 1424 1993 illis
1445 1937 1614 1993 cicatricibus
1634 1938 1687 1993 tuis
1700 1938 1776 2006 quast

149 2029 273 2086 insultans
281 2030 936 2100 minaciterattingeuditemeritateviolaverat⁸¹,
987 2030 1129 2087 dominicae
1151 2028 1286 2100 passionis
1304 2028 1435 2100 impressa
1449 2028 1560 2097 uestigia
1586 2028 1773 2083 lamberemus.

148 2121 217 2188 qnasi
231 2119 303 2176 ictus
316 2121 359 2175 soi
373 2120 463 2176 locum
478 2120 513 2193 (c)
526 2129 709 2192 praecurrente
725 2121 841 2191 gladium
856 2137 938 2178 manu
988 2121 1118 2178 Sannum
1130 2121 1200 2175 enim
1223 2127 1284 2174 sunt
1301 2118 1408 2173 minero
1421 2118 1508 2182 amici,
1531 2126 1608 2190 qaam
1622 2118 1710 2172 osculo
1721 2117 1775 2171 ini·

149 2209 263 2279 palpans,
278 2210 402 2266 eremis
415 2209 487 2266 illico
499 2210 584 2267 oculis
597 2211 719 2269 woitate
732 2226 875 2282 percussus
885 2218 937 2267 est.
987 2214 1048 2268 mici
1064 2211 1086 2267 1.
1104 2210 1151 2266 Vn
1163 2210 1228 2265 milri
1246 2210 1340 2266 mium
1350 2207 1478 2280 paraturi
1492 2206 1625 2261 immam
1637 2206 1708 2261 tabia
1728 2205 1776 2259 fm-

151 2300 281 2357 tlclaristi
292 2298 435 2356 ineffabilis
448 2301 566 2370 bonitas,
579 2309 708 2372 qnantum
727 2302 754 2356 in
767 2316 831 2358 snos
845 2309 937 2358 osten·
988 2303 1084 2360 beatis
1111 2303 1155 2360 cui
1167 2301 1271 2358 fructus
1282 2301 1334 2357 iste
1347 2315 1402 2356 uon
1421 2298 1543 2369 contigit,
1566 2313 1626 2356 com
1645 2298 1673 2354 in
1694 2313 1775 2354 manu

149 2389 183 2445 dit
193 2391 341 2446 mmm!
356 2390 485 2461 lojuriam
502 2392 667 2448 confessoris
688 2392 730 2448 sui
744 2408 798 2448 nou
813 2392 873 2448 tulit
887 2393 938 2448 im·
986 2396 1076 2453 fuerit

149 2481 275 2548 1111111111,
287 2482 335 2549 11111
357 2480 423 2539 iuis'
436 2481 640 2539 crucifixoribus
658 2483 763 2551 mgarit
786 2483 888 2551 ignosci
902 2480 936 2549 Ι’;
1023 2487 1049 2544 9.
1070 2488 1222 2545 lleminisse
1235 2487 1307 2543 euim
1320 2484 1402 2543 credo
1422 2483 1549 2554 dignaris,
1573 2484 1776 2556 quiasanctita-
1877 2552 1880 2556 A

149 2571 334 2626 coutumeliam
354 2573 482 2644 mamyris
500 2573 591 2629 statim
606 2572 677 2629 ultus
697 2580 755 2640 est,
771 2574 817 2644 qui
833 2575 938 2645 passio·
987 2588 1042 2636 tem
1066 2589 1139 2635 tuam
1152 2578 1217 2634 obm
1239 2577 1351 2633 Viennae
1376 2576 1447 2647 apud
1469 2576 1580 2631 beatum
1601 2583 1704 2646 patrem
1727 2590 1777 2630 no·

150 2677 204 2717 nen
216 2676 294 2717 suam
306 2662 542 2720 uoluitriudicari.
560 2663 614 2721 Sed
631 2679 663 2720 ea
677 2664 735 2735 ipsa
749 2664 789 2721 ira
803 2664 838 2735 (f)
852 2665 938 2736 pieta·
986 2678 1073 2726 sunum
1085 2667 1228 2725 liartinum
1245 2667 1380 2731 uiderim,
1399 2667 1442 2723 cui
1462 2674 1490 2722 te
1508 2665 1637 2721 domium
1650 2665 1679 2721 in
1696 2672 1778 2721 atate

150 2752 180 2806 us
188 2760 241 2808 ert,
253 2752 358 2810 induco
371 2753 443 2808 enirn
456 2770 525 2811 uuus
538 2762 654 2810 meatus
667 2762 719 2817 esc
733 2763 764 2810 ut
775 2753 867 2825 plores
880 2750 942 2827 itio,
987 2760 1083 2832 impari
1096 2773 1189 2832 parem
1202 2757 1276 2814 tecit.
1291 2755 1331 2811 lix
1341 2756 1387 2813 itio
1400 2756 1489 2825 igitur,
1510 2755 1574 2812 ticet
1592 2754 1666 2811 brevi
1681 2754 1777 2809 notitia

150 2842 439 2914 minarentur3etipse
452 2841 562 2899 forsitan
574 2843 620 2915 qui
634 2843 936 2900 oculosmmisamise-
987 2857 1015 2906 te
1037 2849 1192 2918 attigerim,
1219 2854 1309 2902 umen
1333 2859 1430 2914 magna
1452 2845 1599 2900 dilectione
1621 2844 1777 2914 complexus

150 2941 196 2998 rai,
220 2932 323 2989 lumina
347 2934 447 2991 meotis
469 2936 612 3006 acciperet.
633 2934 729 2991 Sutim
755 2936 795 3008 (p)
822 2935 937 3006 denique
986 2954 1059 3007 sum,
1072 2945 1214 3009 etquanta
1229 2934 1376 2991 tuncllcuit
1390 2934 1469 3004 copia
1484 2942 1627 2991 ueneratus
1642 2950 1701 2991 sum
1715 2950 1778 2989 san-

150 3023 249 3093 malore
260 3024 436 3092 documento,
450 3026 496 3095 qui
512 3024 603 3082 feralis
616 3026 745 3082 custodiar
758 3026 936 3082 ministerium
986 3029 1107 3086 etitatem
1122 3035 1213 3092 tuam;
1227 3034 1256 3080 et
1275 3039 1319 3082 me
1331 3039 1364 3081 ac
1376 3039 1462 3090 meos,
1481 3024 1568 3094 quite
1587 3025 1721 3089 absentes,
1736 3031 1778 3079 tn·

150 3114 220 3169 triste
232 3114 373 3182 wmbant,
383 3129 451 3185 quas
459 3116 509 3186 ipsi
516 3116 643 3172 arctius⁸¹
651 3116 792 3173 innodatas
800 3116 867 3172 etad
877 3110 974 3173 ossaC
989 3136 1050 3178 men
1064 3120 1127 3191 quia
1138 3118 1268 3191 jungente
1280 3116 1388 3175 Christo
1400 3132 1482 3172 unum
1494 3131 1604 3183 sumus,
1619 3131 1668 3188 per
1680 3131 1724 3172 me
1735 3116 1777 3171 vi·

150 3204 297 3275 depmaan
313 3205 358 3260 vel
374 3205 473 3276 exiguo
486 3206 642 3276 rogantibus
659 3206 735 3263 robis
750 3206 881 3263 beneflcio
894 3221 937 3263 re-
987 3210 1098 3276 dcbant,
1122 3210 1199 3282 103
1222 3207 1409 3267 commendavi
1424 3207 1451 3263 in
1469 3214 1602 3263 {eternum
1623 3206 1688 3274 tibi;
1712 3220 1780 3275 gau-

149 3293 237 3351 larare
261 3294 408 3352 uoluerant
430 3305 559 3365 catenas,
585 3313 715 3355 consensa
742 3300 769 3354 in
791 3307 938 3371 conspectu
987 3302 1093 3373 deoque
1115 3315 1196 3368 nunc,
1218 3297 1290 3369 quod
1303 3298 1357 3363 boc
1374 3297 1468 3354 saltem
1492 3297 1558 3352 mibi
1579 3297 1689 3367 gloriari
1703 3297 1786 3363 licet„

150 3382 263 3453 imorum
283 3400 366 3457 prece
380 3394 469 3443 vestra
491 3388 526 3444 ad
547 3388 632 3446 lleum
646 3389 669 3423 ⁸⁸
682 3382 828 3457 Cbristum,
842 3401 939 3462 sponte
987 3390 1051 3465 quia
1065 3391 1161 3449 faciem
1175 3399 1250 3447 tuam
1264 3390 1292 3446 in
1304 3404 1386 3445 carne
1392 3387 1505 3444 viderim
1518 3405 1527 3443 a
1541 3387 1588 3443 sed
1599 3387 1678 3457 lugeo
1692 3387 1778 3456 negli-

149 3474 180 3530 de
191 3477 316 3534 manibus
330 3478 460 3537 absolutis
470 3479 553 3537 fluere
570 3483 647 3554 102
659 3482 801 3549 ridentum
816 3498 868 3540 nec
880 3484 938 3539 ausi
987 3484 1105 3555 gentiam
1128 3482 1291 3540 infelicitatis
1314 3496 1399 3550 mese,
1423 3479 1495 3551 qood
1514 3479 1684 3536 occasionem
1712 3480 1781 3535 tanti

150 3574 286 3622 menime
307 3567 380 3638 quod
400 3568 471 3624 Deus
489 3570 619 3639 solverat,
642 3571 675 3626 ad
699 3574 825 3628 comitem
848 3574 940 3645 pavidi
987 3575 1052 3632 boni
1065 3575 1174 3650 ignarus
1188 3573 1340 3639 amiserim
1356 3579 1384 3628 et
1406 3570 1662 3627 contenebrantibus
1675 3584 1719 3624 me
1732 3569 1779 3624 illo

148 3664 345 3727 maurorum,
359 3659 501 3716 serimem
513 3660 562 3718 liei
574 3677 624 3733 pro
638 3662 837 3722 confessoribus
850 3665 937 3722 conti-
988 3675 1112 3737 tempore
1123 3681 1178 3739 nou
1192 3664 1278 3719 solum
1294 3662 1422 3732 peccatis,
1435 3661 1532 3731 quibos
1544 3660 1626 3715 etiam
1637 3674 1708 3715 nunc
1718 3675 1780 3729 pre-

151 3749 242 3800 tentes.
258 3744 339 3813 Quod
361 3747 480 3805 auditum
494 3751 621 3821 religiose
638 3760 668 3808 et
685 3754 828 3821 creditum,
847 3772 939 3813 comes
988 3773 1058 3823 mor,
1072 3756 1120 3812 sed
1134 3763 1162 3810 et
1175 3754 1247 3810 curis
1260 3751 1338 3819 buius
1351 3752 1452 3816 seculi,
1467 3748 1564 3820 quibus
1574 3765 1649 3804 stunc
1662 3748 1779 3820 propitio

149 3835 260 3907 ptiudpi
270 3853 322 3894 suo
335 3853 397 3894 cum
408 3840 563 3898 testimonio
573 3842 597 3876 ⁸⁸
607 3843 722 3899 militum
736 3844 838 3901 retulit.
854 3845 897 3912 m,
909 3857 939 3904 ut
989 3848 1045 3903 lico
1056 3847 1124 3901 liber
1136 3859 1206 3910 som,
1221 3841 1388 3898 sacerdotem
1400 3848 1426 3893 te
1440 3846 1555 3907 tantum,
1566 3836 1639 3907 quod
1653 3838 1678 3892 iu
1690 3835 1780 3891 medio

148 3924 228 3993 1111118
248 3942 361 3998 quoque
378 3932 520 4000 repentina
542 3931 579 3987 ad
599 3933 771 3991 clementiam
790 3936 826 3992 de
848 3935 939 3994 furore
988 3934 1195 4005 cratviderim3
1214 3936 1242 3989 'et
1264 3929 1338 4003 quod
1361 3930 1449 3985 inerat
1471 3927 1610 3996 insignius,
1634 3933 1780 3996 martyrem

148 4019 289 4074 murman
302 4019 374 4075 inter
382 4021 516 4077 mirabilia
529 4022 787 4092 estimaretur,
802 4029 888 4084 lactus
897 4038 939 4085 est
988 4031 1078 4085 viuum
1089 4026 1182 4084 videre
1198 4022 1349 4082 nescierim.

148 4102 173 4157 is
185 4112 213 4160 te
226 4107 391 4178 predicator
401 4108 501 4168 carim
526 4112 565 4183 (1)
589 4113 617 4169 iu
636 4129 691 4185 quo
713 4130 774 4173 esse
792 4117 939 4174 devoverat
1024 4118 1068 4174 lb.
1089 4114 1254 4184 llemineris,
1267 4129 1358 4185 quaeso
1370 4121 1407 4181 te,
1419 4111 1504 4168 nostri
1519 4111 1546 4166 ln
1558 4108 1666 4175 11111111,
1681 4105 1780 4177 11111111

135 4204 314 4262 κωπίω.
335 4196 405 4255 Puto
430 4208 458 4256 et
481 4201 568 4272 ipsum
593 4211 728 4275 tamquam
756 4205 864 4263 Saulem
887 4209 937 4263 ali·
989 4209 1168 4265 teinnumera
1180 4205 1341 4262 meritorum
1355 4211 1462 4258 tuorum
1475 4201 1590 4258 coborte
1610 4198 1778 4261 comitatum,

146 4288 251 4353 i⁰²⁰⁶⁰
264 4288 368 4361 51111111
381 4301 475 4349 1111110
489 4293 619 4350 Dominus
628 4295 787 4366 impleuerat
802 4298 825 4331 ³⁸
840 4309 864 4365 e,
875 4301 937 4371 quia
988 4298 1208 4366 ornamentisque
1230 4294 1353 4352 felicibus
1372 4300 1503 4358 comtum,
1525 4298 1553 4346 et
1566 4288 1657 4345 infulis
1679 4286 1781 4358 pariter

145 4385 170 4429 et
183 4384 210 4432 te
228 4380 302 4435 siem
316 4380 402 4436 David
422 4383 454 4454 (ι’)
468 4399 547 4439 suum
571 4384 727 4457 diligebat:
748 4397 777 4443 ut
800 4390 870 4446 sicut
890 4391 937 4448 ille
986 4397 1072 4460 utque
1085 4386 1192 4444 adoreis
1203 4390 1378 4449 coronatum,
1394 4390 1423 4438 et
1436 4382 1528 4437 niveas
1550 4386 1717 4436 sacratorum
1731 4392 1780 4430 nn·

144 4479 190 4520 ¹⁸¹
202 4469 354 4540 1111οῠ111111,
376 4469 441 4527 dum
454 4474 487 4529 ad
500 4474 646 4545 propbetas
659 4477 860 4547 persequendos
872 4495 935 4551 pro·
952 4473 979 4534 D
991 4481 1105 4538 tistitum
1127 4478 1150 4513 ⁸⁹
1164 4477 1255 4542 vittas,
1276 4481 1305 4530 et
1317 4471 1427 4529 floridas
1449 4471 1634 4527 confessorum
1650 4467 1698 4538 (V.
1720 4475 1778 4522 not.

144 4552 281 4625 1111111111,
296 4561 430 4631 pmpbeta
444 4563 467 4596 ⁸⁴
480 4562 591 4621 edemus
610 4574 661 4631 est,
673 4567 710 4622 ita
729 4577 758 4622 et
779 4583 871 4626 comes
892 4572 937 4629 illc
988 4569 1034 4642 dd)
1049 4582 1181 4641 purpuras
1195 4562 1394 4623 occurrentium
1413 4576 1509 4617 manus
1532 4558 1646 4614 aberent
1668 4557 1780 4627 angelo·

175 4707 366 4777 'Psal.xmn,
382 4710 409 4766 8.
446 4712 540 4770 tuuc.
556 4714 690 4782 rufinel.
729 4717 762 4770 ‘l
779 4717 844 4789 lieg.
862 4722 976 4790 unffi.
1015 4719 1115 4776 dl‘sal.
1136 4717 1232 4785 ιιν,7.
1273 4711 1365 4770 eboc.
1381 4728 1428 4780 uu,
1440 4708 1484 4768 18.
1525 4709 1631 4767 ‘Pron
1654 4707 1736 4780 uxvn,
1752 4711 1778 4780 d,

143 4790 194 4833 tes.
211 4778 298 4837 Lxx.
339 4781 428 4837 sisai.
444 4797 479 4849 vr,
496 4781 523 4850 5,
539 4798 572 4840 ex
587 4785 713 4841 versione
726 4785 806 4842 lxx.
1219 4816 1221 4821 ·

175 4955 216 5026 (ιι)
228 4957 273 5012 lta
291 4971 357 5014 mss.
369 4958 469 5028 latio,
484 4960 575 5030 vien,
591 4960 749 5026 Cllotom,
761 4960 787 5017 ll
801 4962 933 5031 Rotam..
1022 4963 1110 5089 ((ἂΓΙῶι
1121 4976 1185 5018 mss.
1199 4960 1265 5029 lieg.
1280 4958 1397 5015 etlien.
1411 4973 1472 5014 com
1482 4956 1524 5013 cd.
1536 4957 1611 5014 (irin.
1625 4956 1690 5025 Qum
1701 4958 1781 5015 lectio

143 5022 238 5081 ebor.
254 5026 392 5096 Bignaeus,
404 5030 447 5085 ed.
463 5029 547 5087 liosr.
563 5040 591 5086 et
600 5031 676 5087 (irin.
693 5033 720 5088 in
735 5046 821 5103 marg.
837 5034 872 5090 At
882 5051 935 5091 ms.
985 5049 1039 5090 con
1101 5041 1163 5089 attur
1177 5046 1211 5085 eu
1231 5029 1311 5099 epist.
1325 5026 1360 5083 29
1384 5026 1419 5083 ad
1442 5027 1547 5095 Seuer,
1572 5046 1599 5085 n.
1615 5027 1643 5083 8.
1658 5026 1729 5084 Editi
1751 5028 1785 5095 1,

143 5091 205 5163 Reg.
217 5111 285 5152 cum
300 5098 379 5154 editis
388 5096 415 5168 5,
429 5099 585 5155 mirantes.
986 5105 1071 5177 pietas
1081 5112 1130 5158 cst.
1147 5100 1267 5170 Utraque
1279 5098 1360 5154 lectio
1374 5110 1436 5153 rece
1459 5107 1495 5152 ta.

173 5163 201 5301 (1
221 5164 292 5223 lisa.
306 5165 327 5221 G
341 5166 417 5236 lton,
431 5166 456 5223 11
472 5169 590 5225 liotund.
604 5177 631 5225 et
641 5168 662 5222 B
674 5169 748 5235 lint,
761 5172 898 5245 gloriosus.
1025 5173 1064 5245 (q)
1079 5171 1125 5229 Sic
1137 5185 1202 5227 mss.
1219 5167 1328 5225 codices
1341 5166 1359 5221 1
1370 5175 1397 5222 et
1410 5113 1476 5223 editi
1491 5165 1613 5224 totidem.
1629 5166 1692 5236 atii,
1705 5166 1777 5221 dein

185 5250 199 5286 e
225 5234 294 5291 llss.
309 5234 330 5291 C
346 5236 409 5293 liot.
429 5246 458 5293 et
471 5237 508 5293 11.
533 5237 650 5296 Rotund.
665 5254 726 5296 cum
741 5239 762 5293 B
776 5240 852 5310 lton,
877 5242 934 5298 Nec
987 5260 1058 5316 ceps.

143 5317 217 5385 susus
236 5306 313 5359 altra
335 5306 432 5363 1111011
454 5308 604 5364 emetha...
623 5310 762 5381 capitalem
779 5315 934 5367 sententium
1024 5310 1138 5385 (111111.
1155 5307 1175 5365 C
1190 5308 1265 5374 tion,
1288 5305 1314 5362 11
1331 5305 1449 5361 Rutund.
1465 5320 1526 5363 cum
1540 5305 1562 5360 B
1580 5306 1655 5370 liet,
1669 5305 1713 5375 qut'
1725 5318 1784 5361 estu

142 5372 242 5429 mdsdit.
257 5374 422 5441 protectio
438 5379 596 5434 concinnior
608 5379 722 5435 videtur.
737 5377 878 5449 uolgatam
893 5391 933 5437 ta·
986 5382 1132 5440 devenerat.

143 5453 199 5497 meu
212 5444 387 5526 retinuimus,
401 5455 496 5519 utpote
508 5464 569 5518 quae
590 5449 684 5504 nititur
702 5448 844 5506 meliorum
858 5451 933 5508 codi-
1023 5451 1057 5534 (ι’)
1072 5450 1140 5506 Tres
1153 5446 1234 5505 iidem
1246 5445 1354 5503 codices
1369 5443 1471 5500 addunt
1481 5444 1577 5569 fllium.
1601 5513 1607 5526 ι
1622 5512 1628 5525 ¹

143 5524 199 5565 eom
212 5522 373 5571 anmrrtate.
1026 5520 1063 5592 (1)
1085 5519 1131 5576 Sic
1146 5532 1210 5575 mss.
1226 5524 1343 5587 quatuor
1355 5529 1417 5573 cum
1439 5513 1460 5569 b
1506 5523 1543 5569 ot.
1560 5513 1630 5570 Edttr
1651 5525 1760 5583 qnoque
1772 5550 1788 5580 „

173 5580 212 5723 (ἐζ
227 5576 300 5638 Tres
313 5584 393 5640 iidem
403 5586 520 5651 codices,
536 5588 680 5657 desineret,
701 5596 778 5652 oenc,
985 5593 1128 5665 consessor.

184 5666 200 5705 e

174 5649 185 5721 (
224 5649 314 5710 fidem
325 5654 442 5724 comos,
456 5673 633 5729 precurrens.
