4034 6184
264 369 317 423 iai
828 367 855 425 S.
875 364 1012 423 enutriit
1031 364 1154 421 NOlrth
1174 363 1325 422 eetscoet
1834 368 1878 426 tlt

264 478 423 552 Dynamium
432 477 602 550 mnottsme,
613 478 655 535 vel
665 476 854 535 venerandum
866 477 1001 545 Arvernis,
1014 477 1057 533 vel
1071 483 1096 543 A
1108 479 1204 534 mortis
1217 492 1297 548 quam
1319 477 1379 533 rite
1397 475 1579 547 cupidiorem,
1608 474 1739 549 luemque
1751 492 1877 551 penarum

262 569 398 626 Alethium
408 571 457 644 (al.
468 569 609 640 hlithlum)
621 567 761 636 Cadmeis,
773 567 817 623 vel
830 583 901 624 nnnc
913 565 1056 639 Pegaslum
1106 569 1202 624 animae
1216 568 1290 625 exitu
1304 566 1511 635 desiderantem,
1534 567 1687 624 misericors
1705 577 1735 624 et
1751 569 1879 628 miserator

259 659 435 731 Petregoriis;
446 668 591 731 utcumque
603 675 634 716 se
647 660 748 715 habent
760 658 844 716 seculi
858 658 939 724 maia,
953 658 1057 716 videbis
1106 653 1236 716 bominm
1249 659 1323 715 adire
1335 659 1468 724 eominus,
1478 666 1507 714 et
1515 657 1592 713 verbi
1601 658 1661 714 cibo
1670 659 1785 715 animare
1796 659 1879 731 digna·

261 754 385 826 prolecto
406 753 576 825 dignissimos
599 753 682 810 totius
703 751 764 808 lidel
792 750 985 823 religionisque
1008 767 1055 807 cu-
1105 755 1149 805 tus
1162 756 1213 806 est.
1229 746 1324 804 lielert
1344 749 1401 819 ipse
1414 747 1502 805 adhue
1515 747 1665 821 lacrymans
1678 747 1826 805 felicitatem
1838 765 1880 822 pc«

261 845 365 904 stodes„
1104 839 1182 896 meuli
1196 838 1520 911 sui,necsiuelacrymis
1532 838 1879 910 eordisetgaudiospiritm

509 930 805 991 ertstotmttx.
1104 931 1191 988 audiri
1202 939 1301 1004 potest,
1311 929 1525 1002 utoompellatus
1536 929 1652 986 adeunte
1665 930 1813 998 Christo,ut
1822 947 1880 987 oon·

259 1027 340 1152 ψ
366 1025 496 1082 limeriiit
518 1025 635 1097 ingentio
659 1021 796 1091 miracula,
812 1038 859 1093 per
885 1036 943 1093 que
969 1036 1053 1076 senes
1103 1019 1219 1077 lortatus
1232 1022 1359 1076 hortante
1373 1021 1418 1086 sit,
1434 1028 1464 1076 ut
1475 1020 1599 1076 arborem
1618 1019 1708 1091 ittseus
1731 1021 1848 1077 inciderit
1858 1021 1878 1085 ⁸,

322 1114 338 1152 u

339 1097 418 1169 ‘llius
443 1105 531 1195 Ρθξῑω
563 1095 651 1150 Vim?
672 1093 831 1157 “mima
854 1108 887 1147 ⁶⁹³
912 1091 1053 1175 militm
1104 1126 1185 1181 quam
1195 1111 1283 1167 excidi
1295 1112 1368 1167 ineo
1382 1110 1745 1182 temporenemediumnaris
1755 1111 1880 1176 causet

294 1163 775 1308 mfflmffjuefflmfflff
787 1162 1053 1303 amatim&
1103 1200 1175 1272 quod
1184 1200 1262 1257 multi
1272 1209 1354 1272 atque
1360 1200 1514 1258 validissimi
1523 1201 1582 1259 siue
1593 1217 1643 1258 suo
1653 1209 1682 1258 et
1691 1202 1763 1258 naris
1772 1202 1880 1273 periculo

294 1307 500 1361 mmmmm,
1103 1289 1247 1347 lacererix
1270 1299 1383 1362 possunt
1396 1292 1422 1359 ⁸,
1440 1293 1515 1349 solus
1527 1302 1555 1349 et
1576 1292 1671 1350 debilis
1692 1294 1808 1367 arripere
1830 1310 1879 1351 non

294 1393 418 1451 hirmino
432 1392 479 1463 (V.
495 1402 553 1449 not.
569 1390 632 1461 197)
647 1393 687 1462 (α)
700 1391 841 1447 Panaenus.
1103 1382 1215 1451 audens,
1232 1382 1279 1438 lici
1292 1382 1376 1438 verbo
1390 1398 1471 1440 ausus
1489 1391 1541 1440 est.
1556 1382 1601 1441 llis
1615 1391 1727 1453 mutum,
1740 1394 1767 1441 et
1784 1385 1879 1454 leviter,

297 1484 324 1539 l.
343 1482 432 1555 Opera
448 1481 554 1539 Domini
564 1483 708 1555 praedicare
721 1481 893 1552 honorificum
906 1490 944 1535 ert
957 1488 981 1547 ¹3
994 1494 1054 1549 quae
1103 1480 1157 1527 ula
1171 1471 1248 1529 senili
1259 1488 1341 1528 mauu
1354 1480 1440 1529 lacius
1450 1474 1536 1545 magis
1548 1488 1629 1545 quam
1643 1475 1712 1532 tuus
1721 1475 1814 1542 securi,
1827 1491 1880 1531 ma·

260 1576 326 1631 ntihi
338 1590 421 1632 causa
439 1574 518 1645 hujus
539 1573 660 1646 epistole
680 1572 730 1629 luit
745 1590 751 1627 :
767 1573 831 1642 quia
855 1567 1055 1641 patrisfamilias
1102 1564 1146 1622 lus
1159 1566 1197 1621 ita
1210 1564 1343 1638 prosilivit
1356 1581 1372 1620 a
1383 1566 1508 1634 vulnere,
1530 1573 1560 1621 ut
1573 1566 1654 1637 longe
1668 1576 1743 1623 extra
1756 1568 1879 1624 aureum

258 1667 347 1739 hujus,
358 1683 439 1739 qvvenr
453 1666 488 1724 ad
502 1666 707 1722 unanimitatem
730 1674 803 1720 tuam
828 1677 987 1735 pmsequor,
1001 1661 1053 1718 Se·
1102 1657 1189 1714 undas
1198 1657 1335 1729 expulsus,
1348 1665 1407 1714 tuto
1418 1656 1556 1714 ceciderit.
1569 1657 1672 1715 ileiude
1681 1658 1760 1716 variis
1770 1658 1815 1731 (l'.
1828 1667 1878 1716 uot

259 1759 413 1816 euridiniani
433 1758 588 1826 negotium,
602 1765 631 1812 ut
645 1755 788 1828 probabis,
802 1770 857 1812 non
880 1761 971 1827 potest
993 1754 1053 1811 siue
1103 1749 1178 1821 199),
1192 1758 1223 1806 ttl
1235 1750 1338 1806 mariue
1350 1749 1464 1821 iactatio
1478 1759 1507 1807 et
1519 1751 1622 1808 navalis
1643 1753 1780 1809 instructio
1792 1752 1879 1824 poscit,

256 1850 363 1905 homiui
376 1849 462 1918 gloria
475 1858 503 1905 et
518 1847 596 1904 laude
618 1847 732 1904 narrari.
747 1845 823 1903 Sicut
845 1848 918 1904 enim
941 1847 1009 1903 dixit
1023 1847 1050 1903 in
1066 1840 1209 1910 Bolllciis,
1220 1858 1282 1900 eum
1296 1850 1344 1899 aut
1353 1851 1493 1900 artemone
1502 1844 1602 1900 armari
1611 1846 1763 1916 oportebat,
1774 1853 1881 1901 autsca-

258 1937 419 2009 Erangelio:
431 1937 512 1993 Pater
520 1954 590 1994 meus
602 1937 687 1992 adhue
697 1937 913 2010 operatameiego
925 1936 1052 2010 ορκον),
1104 1934 1189 1991 unam
1214 1934 1318 2006 depleri
1342 1936 1451 2008 (idest,
1467 1936 1591 2007 vacuari,
1612 1937 1768 2007 exhauriri)
1781 1950 1881 1992 neeesse

259 2030 296 2089 ita
324 2041 352 2089 et
378 2048 451 2089 nune
474 2030 538 2088 lacit
564 2049 571 2086 :
593 2043 681 2103 neque
700 2028 798 2085 desiuit
817 2029 905 2086 bonus
922 2029 1053 2087 Dominus
1103 2035 1174 2096 erat,
1188 2027 1299 2084 nomine
1312 2026 1429 2084 Victoris
1449 2036 1589 2085 vocatura
1610 2028 1735 2094 llomino,
1756 2028 1881 2100 porrigere

259 2123 339 2180 lldem
353 2132 474 2179 nostram
488 2122 656 2179 evidentibus
670 2119 792 2178 veritatis
814 2134 870 2175 suae
884 2119 1004 2176 excitare
1017 2134 1050 2176 ac
1102 2127 1207 2175 tantum
1227 2120 1318 2191 specie
1339 2121 1437 2189 agendi
1447 2136 1556 2177 manum
1575 2121 1609 2178 ad
1622 2121 1770 2193 quamlibet
1782 2135 1881 2191 operam

259 2228 321 2269 vere
344 2227 494 2285 provocare
518 2212 697 2267 documentis.
715 2209 808 2281 ltaque
832 2209 861 2265 iu
878 2208 1001 2277 diversis,
1023 2217 1053 2265 ut
1098 2209 1245 2281 jubebatur
1260 2212 1269 2281 (
1282 2210 1312 2266 l'.
1327 2226 1371 2283 cp.
1388 2210 1414 2279 li,
1430 2229 1458 2268 n.
1476 2211 1538 2281 to).
1563 2212 1623 2268 lion
1643 2214 1715 2270 enirn
1726 2213 1753 2269 in
1764 2212 1841 2269 multa
1857 2220 1882 2268 et

258 2308 449 2377 scriptumest
469 2315 494 2370 ⁰,
506 2304 670 2374 argumentis
689 2317 822 2373 apparens
841 2301 920 2358 uobis
932 2302 1052 2358 salrator
1101 2301 1176 2355 varia
1190 2301 1262 2357 circa
1277 2302 1348 2358 hurtc
1361 2316 1453 2358 senem
1470 2303 1633 2359 mirabilium
1648 2303 1796 2361 divinorum
1804 2303 1881 2373 gratia

259 2401 338 2466 heus,
350 2407 423 2455 terra
436 2397 558 2466 marique
571 2412 622 2467 pro
637 2396 715 2453 nobis
727 2404 865 2468 operatur,
889 2403 918 2451 et
930 2392 1004 2464 quod
1023 2393 1052 2451 in
1101 2390 1154 2446 boe
1165 2404 1275 2461 quoque
1286 2391 1441 2448 Deimunus
1459 2394 1678 2463 pretereundum
1692 2394 1804 2462 ridetur,
1817 2390 1881 2464 quud

258 2491 367 2560 singulis
380 2491 445 2562 agit,
459 2491 604 2546 multorum
619 2487 680 2545 lidei
690 2488 822 2560 salutique
831 2496 967 2560 procurat.
982 2487 1052 2545 Vide
1101 2484 1182 2538 etiem
1197 2498 1295 2539 nomen
1308 2484 1421 2556 aceepit,
1433 2498 1486 2556 quo
1496 2499 1568 2541 nunc
1578 2493 1608 2542 et
1619 2488 1882 2556 regenerationeccm

258 2583 330 2638 enirn
343 2596 425 2653 quam
444 2580 602 2638 admirabile
614 2589 643 2638 et
653 2580 824 2651 predicabile
835 2597 904 2653 opus
918 2580 963 2649 sit,
978 2580 1052 2652 quod
1100 2588 1186 2646 retur,
1197 2584 1225 2633 et
1238 2579 1273 2634 ab
1286 2577 1478 2636 hominibuset
1488 2580 1523 2634 ab
1532 2579 1637 2651 angelis
1652 2580 1790 2637 scribitur:
1803 2577 1881 2650 genti·

259 2671 335 2730 lesus
357 2669 486 2728 llomrnus
500 2670 527 2726 in
543 2686 597 2726 uno
610 2685 676 2726 sene
689 2685 751 2726 cunr
765 2670 867 2739 angelis
881 2670 937 2727 suis
950 2671 1052 2727 sanetis
1100 2670 1159 2726 litio
1170 2670 1242 2727 enim
1253 2671 1330 2741 signo
1341 2670 1450 2742 Valgius
1463 2673 1622 2741 vocabatur,
1643 2675 1691 2745 qui
1709 2689 1779 2732 nune
1798 2672 1882 2727 Victor

257 2775 384 2838 operatus
396 2759 521 2821 esther
534 2763 606 2819 enirn
621 2762 914 2834 causaestsupradicti
928 2762 1052 2820 amiciet
1100 2761 1245 2818 abomino
1268 2762 1374 2829 dieitur,
1400 2772 1428 2820 et
1441 2773 1483 2821 est
1501 2766 1589 2822 victor
1603 2766 1632 2820 in
1648 2766 1777 2831 homino,
1792 2762 1835 2834 qui
1847 2760 1881 2818 illi

258 2860 347 2916 fratris
358 2858 445 2915 nostri
460 2860 479 2925 ¹,
494 2859 542 2927 qui
556 2864 598 2912 est
607 2857 649 2912 vir
668 2857 696 2913 iu
709 2855 818 2913 Christo
841 2855 938 2913 tidelis.
954 2855 1051 2913 llieme
1100 2862 1193 2926 aptum
1208 2854 1242 2910 ad
1263 2871 1345 2927 opera
1363 2871 1412 2913 sua
1430 2857 1546 2928 idipsum
1559 2872 1662 2914 nomen
1679 2858 1815 2930 imposuit;
1826 2856 1881 2926 quit

254 2945 396 3019 superiore
411 2949 566 3018 compulsus
578 2947 605 3002 in
619 2945 753 3017 Sardinia,
765 2962 826 3004 cum
836 2947 935 3005 ceteris
949 2948 1050 3019 quippe
1099 2945 1225 3003 videlicet
1237 2959 1266 3003 et
1279 2947 1384 3003 inmari
1397 2948 1431 3004 de
1446 2949 1653 3019 tempestatibus
1661 2958 1741 3021 atque
1753 2946 1880 3016 naufragio

257 3037 439 3107 naviculariis,
455 3036 619 3094 invehendas
633 3037 767 3094 liscalibus
779 3037 883 3094 horreis
896 3037 986 3109 lruges
996 3038 1048 3093 mi·
1100 3038 1317 3110 peradjutoriurn
1326 3036 1435 3107 Christi,
1450 3049 1478 3097 et
1491 3056 1577 3112 nuper
1590 3042 1617 3097 in
1628 3051 1701 3099 terra
1713 3057 1761 3114 per
1772 3039 1880 3111 ejusdem

257 3129 368 3185 misterio
380 3130 494 3199 propriae
507 3128 583 3183 navis
597 3127 727 3198 accipere,
740 3144 793 3184 non
807 3135 963 3199 exspectato
978 3135 1048 3184 tem·
1099 3129 1214 3198 gratiam
1240 3128 1274 3185 de
1298 3130 1417 3200 peccatis
1439 3140 1468 3188 et
1489 3130 1600 3188 diaholo
1611 3133 1801 3204 triumphavit;
1815 3128 1880 3184 vide·

257 3235 323 3291 pore
336 3220 408 3275 soliti
418 3227 586 3275 commeatus
598 3217 646 3288 (V.
657 3227 715 3273 not.
729 3216 763 3272 tit
776 3227 804 3274 et
819 3217 893 3287 tat),
907 3227 971 3273 ante
982 3218 1052 3272 asti-
1063 3212 1088 3277 G
1101 3219 1165 3276 licet
1176 3227 1206 3276 ut
1216 3227 1289 3276 totus
1302 3221 1329 3275 in
1342 3218 1451 3277 Christo
1465 3221 1613 3290 novandus,
1625 3237 1716 3296 neque
1729 3223 1757 3279 in
1771 3220 1880 3282 nominc,

256 3327 318 3367 vam
332 3309 489 3379 temperiem
497 3314 621 3363 onustum
637 3307 805 3377 nauigiumvi
819 3306 925 3378 publica
939 3316 1053 3377 urgente
1103 3327 1191 3384 neque
1213 3312 1240 3368 in
1266 3312 1378 3369 homine
1390 3314 1475 3370 veteri
1495 3323 1679 3386 permaneret.

247 3388 370 3470 {dimisit
381 3397 467 3465 illico,
477 3408 507 3452 ut
517 3398 583 3453 milvi
596 3397 699 3464 retulit,
711 3393 946 3467 inprorimolreto
956 3405 1052 3453 exorta
1138 3402 1165 3458 5.
1185 3401 1250 3457 llira
1260 3398 1882 3476 lidesetineliabilispietasbominiSalvaltf'flr

262 3485 419 3548 teutpertus,
431 3486 531 3533 temere
541 3474 575 3531 de
585 3477 784 3547 portusolutam
794 3477 1053 3538 multarumnavium
1105 3481 1151 3553 qui
1164 3494 1267 3545 senem,
1281 3478 1305 3535 si
1319 3478 1388 3535 lorte
1404 3494 1499 3535 somno
1519 3480 1595 3550 piger
1607 3480 1711 3538 lentius
1733 3485 1765 3537 ad
1779 3493 1883 3550 gerente

261 3567 385 3633 classem,
406 3581 422 3620 a
448 3565 570 3623 cursibus
596 3564 737 3621 destinatis
760 3564 878 3629 retorsit,
894 3575 921 3620 et
934 3565 1014 3634 {regit
1027 3567 1053 3620 in
1104 3575 1289 3640 consurgeret,
1303 3575 1332 3624 et
1344 3568 1419 3624 molli
1430 3585 1511 3626 manu
1522 3582 1585 3628 ante
1597 3576 1779 3646 praepalpans,
1789 3589 1821 3631 ne
1833 3582 1884 3631 tre·

261 3657 364 3713 littore.
385 3655 472 3726 liujus
486 3671 582 3712 narem
596 3655 624 3712 in
649 3655 767 3727 quodam
786 3653 845 3723 eius
867 3654 960 3711 insulae
981 3655 1053 3724 lom,
1104 3658 1182 3730 pidus
1195 3658 1399 3731 expergefieret,
1414 3661 1537 3717 vellicata
1560 3660 1662 3720 blande
1680 3666 1796 3722 auricula
1808 3663 1884 3721 svarei·

260 3762 341 3818 rpuem
361 3744 395 3800 ad
417 3744 545 3802 Pulvinos
559 3753 672 3813 vocant,
687 3759 722 3801 ne
748 3743 870 3798 similiter
893 3740 1053 3812 illideretur,
1104 3750 1180 3816 tivit,
1192 3764 1253 3807 cum
1267 3748 1305 3822 (h)
1325 3750 1421 3807 leviter
1439 3751 1562 3809 adnitens
1575 3768 1663 3810 senex
1676 3772 1692 3812 a
1706 3758 1792 3829 primo
1802 3756 1885 3814 statim

260 3834 602 3893 mochorislundareccnati
613 3842 675 3891 sunt
689 3834 754 3891 :sed
765 3831 861 3889 hiemis
870 3831 989 3902 eiusdem
999 3834 1054 3889 vio.
1104 3850 1202 3895 conatu
1213 3855 1263 3896 suo
1275 3840 1398 3897 manibus
1408 3843 1536 3912 angelicis
1547 3843 1714 3904 resedectas
1721 3848 1831 3905 videret
1840 3845 1884 3902 iit

260 3928 341 3985 lovrtia
369 3928 588 3998 praevalescente,
617 3925 802 3996 rumpentibus
818 3924 943 3994 vinculis,
965 3932 1053 3979 naute
1104 3929 1244 3987 rudentem
1254 3931 1330 4001 quasi
1340 3931 1467 3988 ducturus
1477 3934 1612 4003 attigerat,
1620 3950 1684 3992 cum
1695 3938 1783 3995 velum
1792 3938 1885 3994 rideret

259 4018 380 4073 exterriti
397 4016 553 4086 scaphulam
566 4017 576 4048 ¹
589 4015 768 4081 derniserunt;
784 4014 827 4069 vel
838 4021 868 4069 ut
881 4015 942 4069 navi
957 4013 1052 4069 lortius
1100 4020 1156 4091 jam
1170 4022 1339 4078 exsinuatum
1354 4022 1381 4078 in
1395 4032 1491 4080 contos
1502 4039 1566 4081 suos
1582 4039 1752 4099 :supparum
1771 4028 1817 4102 (t.
1831 4034 1882 4084 net

259 4107 428 4163 continendae
442 4104 579 4163 renovatis
589 4113 616 4159 et
626 4105 706 4159 altius
718 4103 845 4160 stabilitis
858 4105 983 4161 anchoris
993 4105 1052 4161 sub
1102 4111 1164 4182 200)
1180 4113 1278 4178 stabat,
1288 4114 1347 4168 vela
1360 4114 1437 4171 naris
1450 4113 1574 4171 iaciebat.
1587 4115 1664 4186 Aqua
1678 4119 1753 4175 rimis
1766 4118 1885 4174 paruae·

259 4199 392 4260 venirent,
408 4197 449 4251 vel
460 4201 491 4250 ut
504 4194 617 4264 seipsos,
632 4194 656 4247 si
670 4201 791 4263 possent,
808 4208 824 4248 a
838 4194 994 4250 discrimine
1004 4211 1052 4250 na·
1102 4211 1179 4274 cepta
1193 4216 1315 4271 mergere
1328 4210 1497 4259 tentaverat:
1510 4212 1538 4260 et
1551 4214 1612 4276 post
1624 4221 1708 4263 unum
1721 4209 1766 4264 vel
1779 4207 1885 4263 alterum

260 4288 299 4341 vis
310 4287 456 4357 eriperent.
471 4283 525 4341 Sed
548 4284 609 4339 illos
630 4283 721 4338 statim
742 4298 803 4339 eum
827 4283 914 4354 tragili
928 4283 1051 4356 perfugio
1100 4294 1191 4349 brevis
1204 4292 1363 4349 sentinaculi
1373 4294 1498 4349 haustum
1509 4295 1621 4352 humor,
1631 4296 1681 4367 (γ,
1696 4306 1755 4355 not.
1769 4298 1830 4369 gni)
1842 4296 1885 4352 ie.

259 4377 367 4433 lembuli
378 4377 389 4409 ⁸
402 4377 445 4432 sui
458 4375 603 4447 arripuisse
617 4375 643 4431 iu
657 4377 784 4446 scopulos
801 4377 919 4446 procella
941 4377 1048 4442 dicitur,
1100 4383 1211 4450 stricti,
1227 4383 1379 4453 siccataque
1402 4384 1464 4438 navi
1477 4384 1549 4456 quod
1572 4396 1666 4457 ageret
1688 4404 1743 4445 non
1766 4386 1884 4452 babebat,

259 4478 287 4522 ct
299 4466 446 4539 superfusis
459 4466 584 4524 ductibus
597 4467 728 4522 obruisse.
742 4464 830 4521 Unum
850 4480 883 4521 er
907 4465 980 4520 omni
999 4481 1050 4521 nu·
1100 4483 1212 4545 stupens
1222 4475 1339 4531 laborem
1348 4474 1400 4531 sihi
1412 4476 1471 4532 sine
1484 4475 1576 4533 libore
1586 4479 1718 4550 μωρῷ)
1728 4480 1751 4547 t,
1762 4487 1790 4535 οι
1801 4485 1884 4534 aarum

259 4575 334 4616 mero
357 4570 500 4617 nautarum
522 4574 615 4616 senem
637 4559 797 4616 sentinando
822 4558 987 4629 deputatum,
1007 4559 1051 4614 vel
1063 4561 1091 4623 Ι)
1102 4566 1183 4638 279
1195 4580 1274 4621 suum
1288 4564 1393 4621 occulta
1408 4580 1489 4620 mauu
1498 4567 1639 4637 preveniri
1651 4585 1658 4621 :
1672 4570 1695 4624 si
1708 4569 1778 4625 beue
1787 4566 1884 4624 eeeulta

258 4660 332 4707 vnetu
346 4653 527 4721 immemores,
540 4652 582 4708 vel
596 4659 626 4705 ut
647 4650 728 4706 vilern
743 4650 859 4705 animam
873 4655 1049 4704 contemnen·
1100 4655 1208 4719 dicitur,
1234 4669 1294 4726 quae
1308 4663 1362 4709 tarn
1384 4655 1555 4726 perspicuum
1577 4658 1725 4728 pumerabat
1750 4656 1883 4714 auxilium.

258 4753 310 4804 ter,
322 4744 485 4812 relinquunt.
510 4741 615 4798 interea
629 4741 757 4797 destituta
770 4740 860 4794 nautis
873 4747 901 4794 et
923 4738 1050 4795 anchoris
1100 4742 1153 4800 Sed
1167 4758 1218 4800 nec
1236 4743 1287 4815 ipsi
1310 4755 1468 4815 operatores
1489 4745 1655 4816 simplicibus
1678 4743 1885 4805 innocentissimi

259 4833 334 4889 navis
346 4830 466 4887 aufertur
483 4832 511 4886 iu
525 4831 646 4902 pelagus.
1098 4835 1172 4891 senis
1183 4835 1268 4891 oculis
1279 4833 1520 4892 subtrahebantur:
1532 4851 1595 4892 nam
1604 4838 1750 4908 saeperidit
1762 4843 1884 4900 armatos,

291 4924 318 4979 2.
339 4923 427 4980 Senex
442 4922 498 4992 ille,
509 4922 554 4992 qni
568 4923 702 4977 nescierat
720 4921 897 4988 serationem,
912 4918 1047 4989 utjactari
1100 4925 1224 4981 videlicet
1237 4925 1271 4980 de
1281 4926 1400 4982 exercitu
1415 4926 1487 4993 cmii,
1511 4926 1610 4982 milites
1622 4927 1760 4984 excubare
1771 4925 1884 4994 navigio,

258 5016 381 5083 volvique
393 5013 487 5079 sensit,
502 5011 536 5066 ab
548 5012 642 5067 intimo
652 5012 729 5067 navis
735 5012 817 5084 278
827 5010 950 5081 emergit,
960 5024 1045 5064 vacua
1097 5027 1126 5072 et
1139 5023 1235 5071 cuncta
1248 5015 1348 5070 nautici
1361 5015 1480 5071 muneris
1488 5016 1683 5072 administrare.
1700 5016 1757 5073 Nec
1768 5030 1833 5071 saue
1842 5026 1884 5068 ua·

258 5109 356 5177 oruuia,
369 5122 444 5163 uvare
459 5107 587 5176 undique,
601 5114 629 5161 et
639 5107 754 5178 undique
767 5107 865 5163 mlum
879 5107 950 5163 videt
965 5120 1046 5161 :cum
1099 5121 1160 5162 rem
1173 5105 1246 5160 illam
1257 5105 1308 5160 nisi
1317 5105 1404 5173 angeli
1415 5113 1503 5161 nautae
1512 5106 1654 5174 decebant,
1664 5107 1709 5163 eui
1723 5106 1886 5177 gubernacu-

259 5208 285 5254 et
309 5196 611 5267 rnetumetpericnlunv
624 5196 723 5254 misero
745 5197 864 5254 solitudo
886 5197 1044 5262 cumularet,
1100 5199 1152 5253 lum
1163 5204 1222 5253 erat
1232 5196 1324 5251 muudi
1338 5196 1510 5265 gubernator.
1521 5197 1581 5269 lpse
1590 5198 1661 5254 euim
1675 5197 1806 5254 Dominus
1818 5205 1886 5249 nurre

258 5307 305 5347 rer
328 5289 385 5346 dies
409 5300 436 5344 et
450 5295 543 5344 noctes
554 5287 662 5357 ieiunus
676 5288 796 5345 condidit
804 5289 824 5345 ⁸.
840 5289 958 5346 Fuerunt
971 5293 1043 5350 enirn
1098 5303 1149 5346 suo
1162 5286 1237 5342 vultu
1250 5300 1388 5349 coruscus,
1399 5293 1430 5340 ut
1440 5285 1469 5340 in
1478 5285 1639 5360 Apocalypsi
1655 5285 1847 5346 ‘describitum
1859 5289 1885 5336 et

259 5383 296 5439 illi
319 5383 440 5453 lacrymo
457 5395 537 5452 pones
557 5379 599 5434 die
621 5396 652 5433 oe
665 5388 740 5436 nocte
760 5379 793 5434 d:
811 5389 867 5436 tum
886 5381 973 5452 ipsum
987 5383 1044 5453 janu
1099 5377 1317 5448 comaiulgidus3
1333 5378 1611 5439 nunceonlessoriset
1625 5379 1775 5444 amicisui,
1788 5370 1883 5433 domiui

294 5493 395 5549 ·'l'ob.
422 5508 469 5548 rvr.
493 5490 520 5546 i.
558 5486 790 5558 blotanutt.
830 5491 950 5548 rector.
975 5495 1047 5559 ιμ’».
1084 5491 1189 5548 dPsal.
1209 5488 1301 5552 xuni.
1341 5488 1549 5561 repectit.

296 5591 303 5609 ·
321 5585 394 5641 Alias
406 5583 451 5650 ao,
465 5597 525 5653 qum
538 5591 626 5637 autem
639 5581 673 5635 lii
687 5589 754 5648 erat,
779 5596 850 5638 nune
872 5581 994 5651 hppend.
1012 5584 1037 5637 l.
1056 5581 1161 5654 Scripta
1172 5596 1243 5638 anuo
1260 5579 1322 5646 tot,
1333 5588 1379 5637 aut
1392 5590 1462 5651 post

292 5682 321 5747 (ιι
350 5677 396 5733 Sic
408 5676 490 5732 ealitio
503 5674 578 5730 Grirr.
593 5674 627 5728 ht
641 5689 691 5730 ms.
720 5671 786 5741 lleg.
801 5671 909 5728 Paulini
922 5670 1044 5743 Epistola
1133 5671 1221 5742 illita
1232 5669 1561 5740 ms.coderliegiuscum
1576 5664 1880 5727 editiscrmcrsmot

259 5747 461 5812 adiutorium,
478 5754 505 5802 ct
521 5747 585 5802 edit.
607 5742 684 5811 uad..
698 5740 779 5797 Grau.
794 5750 821 5798 et
834 5742 928 5798 Sciret.
942 5742 1046 5797 addunt
1098 5742 1168 5800 Editi
1184 5750 1248 5813 tres,
1262 5743 1363 5796 leniter.

261 5820 288 5872 in
296 5833 345 5887 qun
356 5820 387 5872 de
400 5820 468 5872 senia
484 5817 621 5889 rcnvri'rngio
632 5813 756 5886 clamatio
770 5822 860 5868 nurrm
871 5810 1008 5867 ntirueela.
