4034 6184
124 275 170 333 sn
633 272 838 332 rounam.
858 274 1103 350 ..ιιιιιιιιιι
1694 274 1749 335 oro

127 387 284 447 mannonis
293 403 349 446 noo
359 390 441 462 Alis,
454 389 502 446 sed
515 388 722 465 Gnece’arpi«,
736 398 765 446 et
778 392 805 446 in
818 390 931 460 tolgan
942 392 1067 448 versione
1089 389 1184 447 Latina
1201 391 1286 463 Appio
1299 397 1374 447 recte
1389 389 1495 459 dicitur,
1518 392 1589 449 unde
1607 392 1630 449 sl
1653 405 1750 451 senem

127 478 332 536 blebabeudus:
347 476 438 544 esum
452 479 583 552 [sititis
596 496 671 536 soror
685 480 855 549 Piiierrroniq
879 480 1066 549 corrigendum
1090 495 1199 547 nornen,
1225 495 1258 536 ac
1279 480 1364 551 Appio
1387 482 1581 553 reponendum.
1601 483 1701 540 Verum
1721 484 1749 541 in

125 584 181 627 eam
191 570 281 641 potins
292 570 453 626 senteutiam
467 570 599 636 traherer,
615 578 645 626 ot
661 569 729 625 Allia
743 569 864 626 ilelaniae
876 584 976 625 nomeu
996 583 1106 639 quoqne
1122 567 1219 634 inerit;
1236 570 1328 639 sieque
1346 569 1474 639 legerem,
1489 579 1519 625 ut
1536 578 1599 640 post
1615 571 1685 641 Atlio
1698 588 1750 643 po-

125 661 236 720 nendum
249 676 356 718 comma
370 662 525 717 arbitrarer.
540 661 643 718 Nomen
655 662 708 717 boc
717 662 855 717 ueteribus
864 669 968 727 notum,
976 667 1006 714 ut
1016 674 1066 714 nos
1079 673 1133 714 non
1143 674 1230 730 panca
1241 659 1340 717 donent
1349 675 1497 729 marmora,
1506 675 1540 718 ac
1553 660 1610 732 ipse
1621 668 1710 719 textus
1720 662 1748 718 id

125 752 297 826 praeseferre
316 753 436 819 ridetur3
461 769 522 809 cum
535 755 607 809 enim
625 753 737 810 rotenus
748 752 820 809 dieat
834 770 842 808 ε
856 753 891 808 lit
904 754 982 809 nnat
995 751 1135 818 Eunomia,
1150 753 1251 824 oppidu
1265 768 1316 809 nos
1336 762 1440 821 mouet,
1452 768 1611 825 expressum
1625 753 1750 825 superius

124 845 199 901 insse
208 852 237 900 et
245 843 357 947 alterius
370 843 466 917 paellae
480 858 588 899 nomen.
600 842 679 900 Hisce
692 843 814 900 succedit
826 843 924 899 Albina
937 841 1057 913 ejusdem
1070 842 1191 900 blelanire
1201 852 1306 901 mater:

579 948 659 1001 Prima
669 951 737 1002 eburi
748 950 835 1002 Alisina
847 958 894 1001 est.

123 1051 155 1109 Et
165 1052 232 1109 inira
245 1053 279 1108 de
292 1051 407 1108 lielania
420 1066 573 1108 sermonem
585 1053 687 1109 habens
699 1068 759 1108 eam
769 1052 864 1108 Albino
877 1068 934 1106 cam
947 1059 1031 1107 matre
1043 1051 1164 1121 copulat.
1180 1049 1244 1106 inde
1262 1050 1435 1122 subsequitur
1448 1049 1592 1106 linrorio:
1606 1050 1752 1123 Compara

124 1141 247 1205 Heremo,
261 1156 321 1209 seu,
336 1150 365 1196 ut
382 1140 446 1198 diss.
467 1141 485 1194 5
504 1141 634 1207 disemus,
658 1142 787 1200 Therasia
801 1144 845 1198 illa
857 1144 902 1210 sit,
915 1157 948 1198 ac
966 1141 1003 1197 itu
1024 1142 1198 1210 corrigendus
1213 1151 1322 1198 textus:
1339 1144 1511 1217 511-512
1525 1143 1588 1198 Cunr
1601 1162 1664 1215 pore
1683 1143 1752 1198 Tire·

123 1233 198 1288 roam.
212 1230 277 1286 ileo
290 1231 317 1286 iu
331 1231 423 1287 seculo
437 1229 541 1287 Paulini
555 1231 654 1303 coniux
668 1232 728 1297 luit,
746 1248 807 1289 cum
820 1247 875 1303 qun
895 1230 957 1288 dein
975 1232 1169 1287 continentiam
1193 1231 1317 1301 amplexa
1340 1232 1487 1303 piissimam
1509 1233 1590 1288 etiam
1608 1241 1663 1287 tum
1678 1231 1752 1288 Noltc

123 1324 200 1387 sitam
213 1325 339 1382 ducebat.
349 1325 427 1382 avita
441 1326 539 1382 mulier
552 1326 605 1384 alia
618 1326 679 1383 dein
693 1334 874 1383 memoratur:

577 1445 694 1505 tangitur
705 1443 764 1493 bute
775 1453 891 1502 germana
901 1442 969 1502 ingo,
982 1449 1009 1491 ut
1021 1443 1054 1491 stt
1065 1443 1139 1493 tertia
1152 1442 1277 1505 princeps,

607 1504 719 1568 Agrnirrls
731 1504 879 1566 lrgmnisouis
890 1510 969 1553 mater
981 1504 1052 1553 Arrta
1062 1504 1152 1555 eboris.

124 1603 194 1665 Arita
206 1615 298 1663 autem
309 1606 399 1663 Porcii
417 1606 562 1679 Aproniani
582 1606 767 1677 conjuxerat,
786 1614 860 1663 etex
879 1622 913 1664 eu
926 1607 995 1664 duos
1006 1615 1137 1678 genuerat
1152 1605 1230 1673 ulios,
1254 1606 1388 1663 Asterium
1406 1622 1522 1679 nempe,
1541 1623 1573 1664 ac
1589 1606 1750 1689 Eunomiarn

123 1710 196 1767 snpra
208 1695 342 1755 undans.
355 1696 419 1754 Post
432 1699 483 1755 bos
496 1696 623 1757 Pinianus
637 1699 670 1754 11.
684 1696 716 1754 C.
731 1699 853 1771 sequitur
865 1698 986 1755 ilelaniae
996 1698 1113 1769 junioris
1124 1698 1237 1755 maritus
1253 1715 1260 1752 ι
1333 1740 1337 1747 .

577 1808 641 1858 linio
653 1810 721 1871 propi
765 1809 888 1859 retractus
897 1805 1054 1871 aeqrralijugo

575 1868 636 1919 AEro
648 1872 724 1919 minor
757 1870 863 1929 iuiauus,
875 1880 917 1932 par
928 1868 986 1920 llde.

123 1965 231 2036 AEquale
241 1966 334 2037 jugum
347 1968 386 2023 lili
398 1982 460 2024 cum
474 1966 572 2027 Tureio
582 1966 665 2037 lacit;
680 1969 759 2025 ambo
772 1969 844 2026 enim
858 1967 995 2039 conjugati
1009 1976 1096 2025 eraut.
1111 1968 1141 2024 Si
1155 1969 1214 2025 istis
1226 1968 1367 2026 Paulinum
1381 1969 1468 2041 ipsum
1482 1970 1601 2041 adjicias,
1617 1985 1650 2026 ae
1663 1969 1751 2027 AErrri·

123 2059 189 2127 tian,
199 2059 295 2115 decem
308 2060 423 2116 habebis
437 2059 624 2130 proculdubio
648 2060 709 2117 illos
722 2075 791 2130 quos
814 2074 895 2116 uersu
908 2074 989 2130 supra
1006 2059 1116 2116 laudato
1134 2060 1263 2117 innuebat
1277 2061 1334 2131 ipse
1353 2067 1444 2131 poeta.
1459 2061 1561 2129 Quibus
1574 2062 1678 2133 positis,
1691 2061 1751 2129 ειυς

77 2194 82 2209 ,
122 2149 195 2203 nescir
207 2165 261 2204 cur
274 2149 319 2206 ille
336 2150 487 2207 cecinerit:
602 2149 605 2152 ⁴
1241 2146 1254 2169 ⁹

576 2241 644 2304 Ergo
654 2243 742 2293 subura
752 2243 806 2294 hac
815 2249 868 2295 tota
878 2243 963 2306 simul,
975 2244 1021 2295 tria
1035 2244 1131 2294 nomina
1143 2251 1244 2306 matres,

598 2308 717 2368 Quattuor
727 2305 751 2354 iu
764 2306 835 2366 natis,
848 2308 874 2356 ln
886 2307 996 2367 patribus
1006 2304 1057 2355 due
1068 2312 1135 2355 sont.

121 2399 219 2469 Albina,
238 2400 327 2469 Avita,
341 2415 374 2456 ac
385 2400 514 2458 iuerasia
528 2409 630 2459 matres
642 2410 730 2459 erant.
746 2403 822 2459 licet
840 2404 942 2459 nullum
955 2403 1054 2474 pignus
1074 2401 1228 2458 Therasiam
1248 2410 1362 2459 matrem
1384 2410 1448 2459 tunc
1467 2402 1680 2467 commendaret,
1694 2402 1751 2472 ejus

120 2500 178 2548 etas
191 2501 297 2562 tamen,
311 2501 339 2549 et
352 2502 477 2564 receptus
487 2495 551 2550 olim
566 2496 593 2551 in
602 2493 730 2566 Hispania
742 2495 813 2551 lilius
826 2496 935 2553 nomine
944 2497 996 2553 boc
1009 2496 1082 2551 illam
1097 2496 1286 2567 distinguebat.
1303 2497 1367 2554 barse
1377 2498 1439 2553 fllia
1452 2496 1581 2554 rostribus
1590 2504 1678 2566 erant,
1692 2496 1750 2553 bie·

120 2582 184 2638 lania
196 2584 315 2653 Albine,
330 2583 460 2641 Eunomia
474 2586 577 2643 Arite:
592 2587 664 2658 quod
678 2586 806 2643 Paulinus
818 2588 915 2644 melius
933 2587 1068 2658 expressit
1083 2605 1091 2642 r

577 2695 695 2746 lintribus
705 2695 744 2745 iris
753 2695 803 2746 duu
813 2703 869 2746 aunt
881 2696 960 2747 tribus
972 2709 1021 2747 urru
1033 2696 1134 2759 planura
1146 2709 1222 2761 seru,

610 2755 668 2806 Flos
678 2758 801 2819 geminos,
816 2757 906 2809 {clani
916 2768 1033 2820 germen,
1046 2764 1072 2807 et
1085 2757 1212 2809 Enrromia.

122 2857 323 2931 Sumequuntor
336 2860 390 2915 duo
404 2859 452 2916 dlii
464 2874 562 2925 mares,
575 2858 703 2917 Pinianus
715 2860 841 2917 videlicet
859 2876 891 2917 ac
905 2861 1036 2919 Asterius.
1055 2859 1105 2916 llic
1117 2859 1243 2917 lurcium
1262 2860 1413 2916 naturalem
1428 2869 1580 2932 parentum,
1599 2862 1645 2917 ille
1659 2858 1748 2916 Pauli·

123 2965 179 3007 uum
192 2952 361 3023 spiritualem
374 2962 477 3023 patrem
494 2952 697 3024 profitebantur,
712 2951 782 3008 unde
800 2952 839 3008 ait
851 2952 923 3009 idem
936 2960 1047 3009 saneim
1063 2969 1070 3006 :

580 3065 640 3117 Cum
652 3071 723 3124 patre
735 3065 836 3115 Paulino
847 3071 918 3128 pater
929 3078 1002 3128 seque
1013 3065 1118 3115 Turrlua
1128 3065 1176 3131 isto
1188 3071 1238 3127 est,

612 3126 663 3176 Sed
672 3140 713 3177 nre
724 3135 793 3185 atas,
804 3127 902 3177 soboles
913 3126 978 3178 bunc
988 3126 1045 3177 iacit
1056 3139 1113 3177 este
1125 3134 1229 3189 patrem.

122 3225 187 3298 eno
195 3238 315 3300 quatuor
327 3230 383 3285 nati
394 3244 427 3285 ac
440 3228 493 3284 duo
504 3236 596 3299 patres
607 3236 700 3299 aperte
713 3227 872 3298 produntur.
886 3227 925 3283 De
938 3227 981 3283 bis
990 3235 1081 3283 autern
1090 3228 1216 3284 omnibus
1229 3228 1432 3288 dissertationes
1442 3231 1595 3301 singillatim
1605 3230 1752 3303 posuimus,

121 3319 152 3374 ad
168 3335 234 3389 quas
252 3322 385 3379 lectorem
406 3320 577 3377 remittimus.
604 3316 729 3375 Ceterum
754 3317 825 3373 lama
843 3318 995 3374 sanctitatis
1011 3317 1189 3388 piissimaeque
1201 3318 1263 3373 vitm
1281 3332 1363 3388 quam
1377 3318 1493 3376 duuebat
1506 3319 1645 3387 Paulinus,
1660 3320 1754 3378 Nolam
1853 3390 1857 3395 ,

121 3408 233 3468 illustres
244 3413 308 3467 illos
320 3410 456 3467 Romanos
475 3410 632 3474 adduxerat,
646 3417 677 3464 ut
699 3408 746 3473 ibi,
767 3408 892 3463 abdicato
916 3407 1019 3472 seculo,
1033 3407 1084 3463 sibi
1097 3422 1130 3463 ac
1145 3407 1201 3465 lieu
1215 3409 1379 3465 unanimiter
1391 3411 1522 3467 virerent
1547 3411 1679 3467 Nimirum
1702 3410 1755 3468 illie

121 3504 294 3560 monasticam
305 3503 388 3557 vitam
410 3501 588 3570 profitebatur
613 3496 750 3566 Paulinus,
764 3498 909 3568 pluresque
935 3497 985 3553 sub
1006 3496 1065 3566 eius
1083 3497 1215 3565 regimine
1232 3498 1360 3554 melioris
1382 3501 1541 3569 tutiorisque
1555 3500 1668 3556 instituti
1681 3497 1756 3554 rudi·

122 3600 205 3646 menta
219 3593 331 3648 haurire
342 3590 502 3661 gestiebant.
517 3588 586 3644 ilinc
607 3586 805 3644 animadvertes
817 3583 959 3640 Piniauum
973 3600 989 3640 a
1003 3584 1032 3641 S.
1049 3584 1209 3653 Augustino,
1223 3591 1251 3641 et
1264 3586 1373 3656 quidem
1387 3588 1525 3659 episeopo,
1541 3586 1649 3643 iratrern
1662 3588 1755 3658 appel·

122 3680 208 3748 latum,
217 3698 275 3752 quo
290 3682 399 3738 nomine
411 3681 504 3752 utique
516 3680 591 3736 illum
609 3678 639 3735 S.
654 3679 750 3735 docter
759 3693 813 3733 uon
827 3677 1027 3747 compellasset,
1039 3678 1091 3733 nisi
1105 3679 1255 3734 monachus
1268 3680 1363 3736 saltem
1375 3679 1460 3736 laicus
1474 3679 1526 3734 iste
1540 3677 1642 3734 inisset.
1653 3678 1756 3737 Auctor

122 3767 184 3825 iitae
198 3770 226 3827 S.
242 3770 368 3826 Melaniae
386 3769 458 3840 aprrd
470 3768 532 3825 Sur.
546 3768 591 3824 dle
603 3767 636 3822 il
652 3766 760 3822 ianuar.
776 3764 918 3820 Piuiauum
932 3780 965 3820 ac
979 3764 1121 3819 ilelaniam
1135 3764 1162 3818 in
1181 3763 1301 3819 Siciliam
1320 3764 1462 3833 travlgasie
1481 3765 1529 3828 ait,
1546 3767 1642 3834 portien
1653 3764 1755 3837 quidem

120 3867 145 3910 ιιι
171 3876 249 3932 egros
272 3861 319 3932 qui
331 3861 384 3916 illie
396 3868 471 3915 eront
488 3858 642 3924 uenderent,
657 3857 753 3928 partim
766 3864 853 3911 usum
869 3863 899 3909 ιιι
916 3855 1107 3909 sanctissimum
1120 3853 1267 3925 episcopum
1282 3853 1424 3909 Pduiinum
1442 3856 1561 3919 niterent,
1584 3855 1627 3927 qui
1639 3861 1696 3909 erut
1716 3855 1755 3911 eit

122 3944 197 4001 Peter
207 3949 354 4004 amntem
364 3950 493 4020 spiritum.
509 3947 551 4003 En
563 3955 594 4004 ut
606 3947 709 4019 optime
721 3947 846 4002 universa
859 3954 1018 4016 mugruunt.
1037 3945 1068 4001 ln
1080 3959 1114 4001 eo
1128 3953 1219 4000 tamen
1232 3944 1366 4018 decipitur
1384 3955 1479 4003 aneton
1498 3947 1558 4010 iste,
1572 3947 1646 4017 qnod
1659 3945 1754 4004 duris-

120 4038 208 4094 simam
220 4041 297 4096 bane
330 4048 466 4096 catervam
478 4040 512 4097 ad
525 4040 664 4095 Paulinum
677 4038 758 4095 odicii
771 4046 876 4095 tantum
888 4040 974 4109 mutia
988 4038 1139 4109 perrexisse
1156 4038 1285 4113 [mosoth
1303 4037 1367 4094 illud
1382 4039 1454 4094 eninr
1472 4039 1524 4094 iter
1538 4038 1572 4093 ab
1585 4039 1624 4095 eir
1641 4052 1752 4109 susem·

121 4133 172 4181 tum
185 4128 244 4195 luit,
265 4138 325 4185 tum
339 4136 370 4184 nt
383 4131 514 4186 instantes
525 4128 591 4187 Urbi
600 4129 703 4187 Cetbos
716 4128 892 4197 declinarent,
903 4135 961 4185 tum
974 4137 1004 4184 ut
1015 4128 1098 4184 uitam
1111 4127 1148 4184 ibi
1160 4143 1237 4185 suam
1247 4135 1379 4201 perpetuu
1388 4126 1486 4185 Christi
1499 4126 1608 4183 servitiu
1618 4126 1753 4200 marcipa-

120 4226 184 4275 teut.
194 4218 277 4276 Certe
289 4218 418 4275 Paulinus
434 4220 521 4289 inquit
536 4238 544 4273 ι

582 4308 634 4360 iios
644 4323 708 4375 ergo
719 4311 790 4362 Pella
802 4313 826 4360 tn
837 4324 883 4361 auo
893 4312 948 4361 dau
959 4309 1070 4395 abdith

579 4371 1135 4497 ,nm

121 4521 312 4587 luiasubdit:
402 4602 411 4621 ἱ

735 4624 819 4675 Socios
830 4628 853 4676 in
866 4632 931 4677 tecla
942 4626 1092 4690 recepimus,
1104 4633 1131 4677 et
1143 4628 1213 4688 nunc,

580 4684 674 4736 Omnes
681 4684 738 4747 lure
750 4691 800 4750 pari
812 4686 904 4739 Pellcis
912 4688 966 4748 lora
979 4694 1105 4750 tenemus,

583 4744 722 4807 Felicisque
734 4748 810 4809 patris
820 4749 915 4813 gremio
926 4746 1055 4810 eorrjunrta
1067 4749 1179 4801 iurentur
1256 4760 1259 4763 ’

580 4805 696 4867 Pignora.

120 4878 231 4940 rnrnn
245 4885 321 4940 enim
334 4886 482 4944 emicuerat
494 4888 521 4944 in
535 4887 649 4946 Paulino
662 4892 722 4949 viro
735 4901 814 4949 antea
839 4892 1006 4950 nobilissimo
1030 4907 1063 4950 ac
1088 4891 1221 4948 didesimu
1239 4905 1330 4948 rerum
1353 4893 1521 4950 secularium
1547 4891 1700 4965 repudium,
1724 4899 1756 4948 ut

120 4985 185 5029 unns
209 4972 341 5034 Paulinus
367 4975 451 5035 ierme
473 4979 501 5035 ln
522 4980 695 5052 perfectionis
714 4985 868 5055 exennium
891 4993 1100 5058 proponeretur.
1124 4984 1193 5042 vite
1215 5000 1260 5056 ep.
1281 4985 1421 5057 Augustini
1440 4987 1476 5043 it
1493 4987 1529 5043 ad
1543 4988 1668 5044 eumdem
1682 4986 1752 5042 Pau-

121 5057 211 5132 linum,
224 5073 254 5119 et
265 5064 302 5119 39
321 5064 355 5121 ad
369 5066 528 5134 bisentium,
543 5086 688 5142 manusque
705 5073 741 5129 5⁹
752 5075 786 5130 ad
800 5076 887 5146 ipsum
902 5075 1054 5135 Paulinum.
1068 5077 1185 5134 Cuusrde
1200 5076 1392 5151 Hieronymum
1407 5080 1499 5137 itidem
1513 5081 1540 5137 lu
1553 5096 1597 5152 ep.
1614 5080 1649 5135 31
1660 5082 1694 5136 ad
1704 5078 1755 5135 iu-

121 5146 229 5215 lianum,
243 5162 273 5208 et
283 5152 444 5212 Saccbinum
457 5159 485 5214 in
497 5157 602 5216 Paulini
616 5161 687 5229 Vita,
702 5170 772 5233 part.
792 5162 818 5218 2.
835 5162 912 5232 Quod
925 5174 1016 5222 autern
1030 5167 1142 5224 illustris
1154 5166 1198 5223 laic
1210 5176 1297 5223 uoetus
1311 5168 1357 5224 din
1371 5169 1445 5225 Nalm
1463 5178 1584 5227 moratus
1596 5185 1649 5227 uon
1664 5168 1754 5231 luerit,

123 5235 147 5290 iu
168 5255 250 5297 musa
270 5244 353 5301 luisse
365 5247 471 5304 ridetur
483 5250 662 5320 ingruentium
675 5252 772 5308 iterum
785 5252 960 5310 barbarorum
974 5263 1076 5324 motus,
1089 5254 1135 5327 qui
1148 5256 1304 5312 servitutem
1316 5254 1401 5313 ltaliae
1415 5259 1570 5315 minitantes
1579 5272 1650 5314 anno
1660 5262 1755 5328 postea

123 5325 181 5430 ild,
199 5331 305 5403 impetu
318 5334 498 5397 funestissimo
513 5341 599 5413 ipsam
618 5340 719 5399 Urbem
732 5343 856 5410 ingressi,
870 5344 988 5403 oedibus
1001 5355 1084 5418 atque
1102 5347 1204 5418 rapinis
1225 5346 1387 5417 implevere,
1402 5356 1483 5418 atque
1499 5347 1568 5405 aden
1581 5344 1756 5416 Campaniam

123 5431 204 5522 rpaam
216 5432 373 5482 uastarere.
389 5427 418 5485 ln
431 5431 484 5486 boe
501 5433 612 5503 insuper
630 5433 716 5489 Natali
736 5450 798 5490 cum
819 5435 897 5505 plura
910 5444 1099 5508 proponantur
1120 5439 1154 5496 ad
1176 5440 1244 5497 tand
1266 5439 1393 5498 antistitis
1407 5455 1452 5498 res
1471 5447 1561 5509 gestas
1575 5434 1756 5504 menoides,

125 5520 212 5569 muta
223 5526 276 5589 pru
288 5514 389 5574 viribus
402 5521 469 5577 meis
483 5522 509 5579 in
523 5522 593 5581 biss.
606 5522 624 5579 i
636 5532 664 5582 et
674 5526 849 5598 sequentibus
860 5529 985 5601 expendi.
