4034 6184
165 278 233 332 idat
729 273 773 331 bn
790 274 870 334 itit
882 275 1056 335 &tantini
1075 275 1137 333 tta.
1159 275 1203 333 W.
1723 275 1793 341 ⁸⁰38

164 390 301 447 ilirandus
310 389 401 459 signis,
416 386 581 446 intendem
595 389 715 447 moribus
727 388 818 455 idean
966 378 1054 458 torn
1066 389 1152 462 possit
1161 390 1248 447 uncti
1261 388 1525 462 laeiemdepromere
1534 390 1635 459 medis,
1714 450 1717 457 ,

164 481 252 538 Corde
265 481 382 544 humilis,
393 488 484 537 mente
497 481 642 549 excellens,
656 481 824 539 venerandus
837 491 952 554 utroque
1002 478 1128 537 Proferre
1140 487 1169 536 et
1179 479 1297 537 daumm
1309 495 1389 537 sacro
1397 479 1431 536 de
1442 489 1553 551 pectore
1566 481 1663 536 luceat.

165 570 233 626 Dum
244 569 348 626 landem
361 567 486 641 fugiendo
497 570 583 640 capis,
592 570 702 627 vitando
714 568 837 627 mereris.
1003 570 1116 642 Semper
1127 570 1214 626 inore
1230 568 1310 637 Deus,
1325 584 1433 641 semper
1444 569 1590 626 miseratio.
1607 567 1704 626 Pacem

165 658 271 715 Ducena
279 658 419 728 contiguos
431 671 492 715 sera
505 656 532 713 in
543 656 645 728 ieiunia
658 658 740 725 soles,
1004 657 1125 716 Consilio
1134 667 1163 714 et
1176 666 1240 714 roto
1254 658 1348 714 tenuit.
1363 657 1430 713 Nam
1440 672 1512 730 ampo
1522 656 1628 714 solebat

165 748 200 804 Et
210 749 255 804 rix
264 748 368 819 exiguis
378 763 484 821 temper
493 749 747 822 parcissimusescis
1003 748 1104 804 lnridia
1117 744 1534 803 iniectaslauceslivorereueni

165 836 304 894 lielessnm
317 837 440 896 relevans
458 837 629 895 stomachum
646 839 704 896 sine
722 838 842 910 pondere
854 841 953 897 carnis.
1004 838 1118 893 armare
1127 837 1289 908 opprobriis,
1302 836 1426 906 ipsosque
1438 834 1586 891 accendere
1598 834 1658 890 diro

165 927 211 984 Sic
223 927 336 998 expulsa
348 927 410 996 cibi,
424 928 464 986 sic
474 928 561 985 somni
575 927 678 998 abjecta
689 930 821 999 voluptas,
1004 926 1081 983 Folle
1094 924 1258 990 sacerdotes,
1278 932 1308 979 ut
1321 924 1417 992 linguis
1426 939 1537 995 carpere
1550 924 1663 980 mallent

165 1015 205 1073 Ne
218 1016 325 1085 vigilem
335 1025 472 1088 premeret
490 1025 597 1074 terrena
610 1017 668 1074 baec
679 1018 784 1075 sarcina
797 1026 927 1086 mentem,
1006 1019 1093 1088 Quam
1106 1018 1183 1075 lactis
1194 1032 1302 1088 sequare
1313 1017 1386 1087 plum
1398 1034 1405 1071 ε
1420 1033 1470 1074 nec
1483 1018 1523 1074 sic
1535 1032 1643 1088 quoqne
1654 1025 1778 1078 sanctum

166 1104 220 1162 Sed
230 1105 315 1162 lerius
325 1106 407 1162 animi
416 1115 510 1177 posset
520 1120 695 1164 consuescere
705 1122 815 1178 corpus,
1005 1109 1048 1166 lra
1060 1110 1180 1166 animum
1193 1109 1282 1165 saltim
1293 1108 1421 1164 reddendi
1430 1109 1464 1165 ad
1473 1118 1536 1166 rota
1545 1112 1643 1179 megit.

166 1192 266 1251 (lrandi
275 1194 364 1252 studio
378 1195 518 1267 invigilans
531 1194 673 1268 studioque
683 1194 798 1266 legendi.
1006 1199 1076 1268 Quin
1086 1208 1115 1257 et
1127 1200 1259 1255 irateruos
1272 1214 1322 1270 pro
1336 1205 1409 1254 tanto
1423 1199 1535 1254 crimine
1548 1197 1626 1254 detes

167 1282 330 1340 C⁰⁰¹¹¹¹¹¹²i²
344 1283 403 1360 ⁵⁸⁸ss
416 1283 473 1342 ¹¹aess
486 1294 581 1341 ⁸0¹¹¹¹¹⁸
594 1293 716 1357 ¹0um
728 1285 809 1353 ⁰¹¹ii⁸r
1005 1298 1146 1355 Fundebat
1158 1295 1265 1353 madido
1278 1296 1396 1352 clemens
1407 1295 1544 1351 miseratio
1559 1296 1643 1360 voltu,

167 1374 231 1433 llaec
240 1376 297 1432 ⁸⁰¹⁸
309 1384 338 1432 0⁸
349 1376 456 1446 requiei
466 1377 565 1447 placuit
578 1385 683 1434 mullis&
696 1377 816 1437 ¹²b⁰l0¹¹¹
1007 1398 1129 1456 Exorans
1139 1397 1280 1454 Dominum
1295 1395 1474 1468 lacrymarum
1489 1392 1597 1452 flumine
1609 1393 1744 1450 Christum

167 1465 360 1524 sumentem
374 1468 428 1524 ³¹5⁰
439 1467 531 1538 dudem
543 1468 602 1524 ⁸⁵⁰0
612 1465 665 1524 [¹⁰⁰
677 1467 814 1539 Woenffi·
1007 1497 1135 1556 Parceret
1149 1505 1178 1554 ut
1191 1496 1279 1553 verbis
1292 1496 1399 1552 reniam
1410 1494 1553 1552 tribuendo
1567 1495 1677 1551 dolosis.

167 1557 254 1630 dmm
267 1559 348 1615 ‘stim
358 1559 447 1615 “wi
460 1567 538 1616 ωηο
547 1560 676 1615 mmmm
686 1566 797 1616 mmm
1007 1595 1054 1653 Sic
1067 1595 1156 1652 stabili
1169 1609 1276 1666 semper
1289 1602 1383 1650 contra
1394 1594 1484 1651 omnia
1496 1594 1606 1649 volnera
1616 1593 1709 1660 corde,

167 1647 799 1801 {afflocpfpffiwffloggztussffifflw
1008 1696 1068 1752 Non
1078 1696 1168 1753 odium
1183 1693 1258 1751 furor
1271 1694 1380 1760 excivit,
1391 1692 1438 1749 scd
1453 1707 1533 1748 causa
1547 1692 1669 1747 dolorem
1684 1709 1692 1744 z

168 1827 223 1884 pec
233 1827 311 1885 pm
323 1827 386 1885 pepe
395 1828 518 1885 immun
544 1843 595 1886 nec
604 1829 703 1900 judici,
717 1845 834 1902 unquam
972 1767 997 1826 Β
1009 1795 1101 1861 Qualis
1128 1800 1249 1849 sectatus
1261 1790 1368 1848 Domini
1380 1791 1495 1858 vestigia
1509 1797 1612 1862 martyr

168 1918 232 1975 turn
241 1920 270 1974 ip
282 1919 418 1990 subjectu
427 1869 550 1975 21„ngoe
562 1919 663 1975 Μὴ
675 1934 777 1988 ηοω,
1007 1883 1150 1963 Excipiens
1163 1905 1261 1946 smram
1273 1903 1401 1945 saxorum
1417 1889 1490 1944 nube
1507 1889 1624 1953 ruinam,

168 2005 228 2064 llon
241 2006 332 2064 odium
342 2008 417 2065 iuror
429 2009 538 2079 camni,
556 2024 610 2066 non
624 2010 721 2080 gaudia
734 2011 817 2067 risum
1008 1989 1076 2047 cum
1090 1999 1198 2047 1⁸⁰¹¹0ffl
1214 1988 1318 2046 immi
1330 1989 1473 2101 millium
1486 1997 1597 2061 Ρθθῑθῑθ
1611 1987 1704 2047 illim»

170 2093 351 2154 Tristitiamve
364 2096 441 2154 dolor
453 2105 562 2155 sauctus
575 2099 707 2168 gravitate
720 2101 848 2166 uerenda,
1011 2091 1113 2147 llimitti
1126 2092 1221 2146 insano
1231 2088 1360 2160 poscebat
1372 2102 1484 2144 errrnma
1497 2087 1587 2157 turigo,

170 2185 313 2259 bugelicus
325 2187 401 2244 fulsit
413 2188 566 2247 venerando
577 2190 605 2246 in
618 2205 733 2263 corpore
744 2192 833 2250 vultus
1013 2191 1076 2250 Plus
1085 2198 1197 2265 peccata
1211 2189 1306 2246 dolens
1319 2187 1405 2259 plebis
1416 2201 1496 2256 qnam
1508 2186 1617 2241 vulnera
1631 2184 1729 2241 carnis.

709 2441 899 2546 LIBER
935 2434 1260 2564 QUARTUS.

208 2712 327 2770 linierat
339 2719 475 2783 sumptum
487 2711 626 2769 translatio
637 2720 724 2783 ncepta
737 2710 863 2768 volumen
1015 2710 1133 2767 antistes
1146 2717 1245 2766 sancta
1257 2709 1396 2767 custodem
1409 2708 1600 2778 legeranno,

173 2802 337 2861 Percurrens
349 2801 435 2858 sancti
448 2816 514 2873 pura
532 2802 695 2873 exemplaria
707 2801 779 2867 libri,
1014 2798 1131 2871 lmperat
1145 2807 1176 2855 ut
1187 2798 1294 2857 Domini
1307 2806 1413 2870 sumptu
1432 2797 1601 2868 nummisque
1617 2801 1767 2865 coemptam

172 2893 241 2947 ilum
253 2892 343 2948 sabim
356 2889 447 2947 oblata
458 2897 500 2948 est
510 2890 641 2947 obstrusae
654 2890 739 2961 gloria
749 2890 828 2947 nobis
1014 2893 1128 2962 aptaret
1140 2904 1288 2962 properans
1298 2887 1398 2956 algenti
1411 2888 1440 2943 in
1452 2898 1567 2955 corpore
1578 2893 1693 2941 restem.

172 2982 307 3051 Historiae,
321 2981 407 3038 nostri
421 2981 562 3037 stimulans
572 2981 712 3037 molimina
726 2980 793 3047 voti,
1014 2983 1087 3056 Ergo
1099 2984 1157 3039 bac
1169 2996 1229 3053 qum
1243 2980 1301 3036 lieri
1314 2977 1398 3036 rotun
1409 2978 1485 3050 qnasi
1499 2977 1569 3056 iacta
1582 2976 1700 3044 reliquit.

172 3072 231 3128 Non
243 3081 271 3128 ut
279 3071 314 3129 de
322 3072 422 3128 misero
435 3070 531 3128 melius
547 3071 708 3128 claresceret
720 3086 769 3127 ore
1015 3075 1084 3130 lirin
1096 3081 1207 3131 secreta
1220 3080 1364 3144 penetrans
1375 3070 1526 3126 habitacula
1539 3068 1614 3125 cella

173 3162 252 3231 Quod
262 3171 316 3218 tam
329 3161 464 3235 perspicui
474 3162 605 3232 signasset
617 3163 713 3234 pagina
724 3161 814 3219 cordis
1015 3163 1081 3232 Qua
1091 3176 1293 3235 progressurum
1307 3175 1383 3217 sacra
1394 3156 1428 3216 ad
1438 3159 1563 3233 mysteria
1576 3166 1697 3214 sarnetum

168 3254 294 3327 (cruris
304 3253 448 3309 verborum
462 3254 523 3309 riva
533 3254 633 3309 virtute
644 3268 787 3309 coruscans
1016 3256 1065 3312 llic
1078 3268 1186 3325 quoque
1198 3253 1293 3311 ticinis
1303 3260 1395 3310 suerat
1418 3251 1559 3322 sejungere
1573 3250 1668 3317 turbis,

174 3341 303 3415 Perderet
315 3343 462 3412 ingenitum
475 3351 562 3399 metro
575 3343 679 3400 mollita
692 3340 835 3413 vigorem).
1013 3343 1157 3416 Excipiens
1169 3345 1331 3401 monachum
1344 3358 1408 3399 mox
1420 3342 1550 3398 emissura
1563 3341 1723 3396 ministrnm.

173 3432 228 3490 Sed
240 3435 304 3505 qnia
313 3450 368 3494 non
377 3450 472 3493 omnes
485 3435 578 3507 liquidi
587 3435 736 3507 penetralia
746 3435 829 3491 lentis
1014 3435 1069 3493 Sed
1082 3436 1146 3506 quid
1159 3451 1214 3492 non
1226 3441 1369 3508 penetrent
1382 3433 1473 3489 miseri
1487 3448 1555 3503 quos
1568 3433 1640 3502 cogit
1652 3448 1763 3489 erumna

173 3523 288 3583 interius
304 3524 449 3582 scrutanda
462 3533 566 3598 petunt,
581 3540 643 3596 pars
657 3537 753 3594 magna
771 3525 888 3596 petentis
1016 3526 1122 3581 attare
1132 3525 1284 3596 expositum
1299 3523 1394 3581 irontis
1405 3524 1515 3592 vulgare
1528 3522 1673 3592 pudorem?

172 3615 252 3687 Saepe
264 3615 331 3672 bibit
340 3615 465 3687 proprios
478 3615 601 3685 neglecto
614 3614 714 3684 frigore
727 3615 810 3670 rivos.
1016 3617 1093 3686 Quod
1105 3630 1157 3672 nec
1170 3614 1331 3686 presbyteris
1344 3612 1441 3684 patuit,
1456 3612 1603 3683 perrumpit
1612 3620 1719 3681 egestas

172 3706 230 3762 lios
243 3720 350 3778 quoque
363 3706 409 3775 qui
423 3704 533 3774 dignum
542 3704 580 3760 nii
590 3718 733 3776 possumus
743 3702 822 3760 edere
832 3701 930 3771 doctis,
1016 3709 1141 3777 attegans
1152 3706 1292 3776 querulam
1305 3704 1388 3760 dilato
1402 3718 1514 3760 munere
1526 3714 1646 3759 causam.

174 3794 292 3851 Turbida
306 3810 361 3850 non
375 3795 455 3865 longe
466 3808 611 3866 purgemus
623 3794 720 3865 pocula
734 3793 820 3851 libris.
1015 3800 1083 3855 Tum
1097 3812 1161 3853 vero
1175 3797 1272 3854 invasit
1285 3802 1371 3852 toturn
1385 3795 1523 3851 miseratio
1532 3808 1650 3859 sensnm,

174 3886 252 3958 Saepe
264 3894 293 3942 et
306 3886 476 3956 clangennrm
488 3900 570 3942 voces
582 3899 690 3956 aequare
699 3885 825 3942 tubarum
1015 3889 1179 3960 Necplacuit
1192 3903 1297 3945 rursum
1312 3886 1429 3942 mandati
1440 3884 1536 3941 aderre
1548 3884 1689 3956 periclum.
1835 3888 1842 3942 t

174 3976 279 4033 Emissa
293 3975 423 4047 implicito
436 3985 569 4033 conantur
582 3977 660 4033 sibila
674 3976 754 4032 libro.
1016 3977 1177 4050 Ampbibalo
1189 3985 1271 4050 eaput
1282 3976 1383 4034 occulit
1395 3984 1452 4032 tum
1465 3983 1534 4033 teste
1544 3981 1659 4038 remoto,
1836 3951 1845 4053 2

174 4065 211 4123 lit
222 4081 282 4139 quae
293 4066 344 4124 sub
357 4066 428 4123 celsa
437 4067 527 4124 suerit
535 4068 704 4138 requiescere
717 4069 792 4140 pirro,
1017 4070 1159 4127 Subtraxit
1170 4069 1246 4126 latus
1254 4068 1383 4140 paulatim
1395 4068 1430 4124 ad
1443 4066 1562 4125 membra
1573 4065 1698 4128 lacertos,
1841 4059 1845 4069 '

176 4159 311 4218 interdum
322 4159 383 4216 vilis
396 4168 520 4231 penetrat
531 4160 645 4230 virgulta
658 4160 755 4217 salicti.
1019 4162 1165 4219 collectam
1178 4161 1319 4218 excutiens
1331 4159 1429 4216 adelini
1439 4167 1549 4231 pectore
1557 4164 1671 4223 restem,

176 4251 217 4307 ‘ln
232 4264 339 4322 qnoque
351 4250 397 4322 qui
410 4250 494 4321 gratis
505 4250 599 4306 malles
611 4249 756 4306 succedere
768 4248 844 4316 lucis,
1019 4255 1074 4311 ttae
1086 4253 1173 4326 patuit
1185 4252 1285 4309 nudum
1299 4253 1397 4309 neadto
1410 4265 1530 4324 paupere
1542 4264 1650 4320 corpus.

177 4341 208 4398 st
221 4341 301 4410 longe
314 4339 397 4396 amoti
411 4340 529 4397 nemoris
542 4340 585 4395 via
599 4338 669 4397 lorte
681 4338 786 4406 fatigat,
1019 4345 1086 4400 pam
1099 4357 1215 4417 propere
1228 4343 1346 4400 armaion
1359 4343 1504 4414 spoliarum
1516 4341 1584 4397 texit
1597 4339 1720 4404 amictus,

178 4434 334 4492 Comminus
347 4434 466 4490 oblatum
480 4446 628 4505 properans
641 4420 759 4501 irrumpe
777 4429 931 4484 irntectunr.
1004 4418 1056 4490 'ilc
1068 4441 1161 4490 vorum
1172 4432 1323 4504 anucipans
1336 4431 1423 4487 latini
1436 4430 1570 4501 pauperis,
1584 4429 1672 4499 ipsum

214 4523 346 4593 Pergebat
355 4530 463 4581 sauctus
475 4521 608 4580 benedicti
622 4520 656 4577 ad
669 4520 760 4575 limina
771 4520 862 4591 templi
981 4549 1008 4610 υ
1019 4524 1143 4594 ignarum
1154 4522 1216 4580 iacti
1226 4522 1336 4588 faceret,
1346 4535 1426 4591 qoem
1440 4536 1552 4576 munere
1561 4520 1651 4575 mtmn

180 4614 216 4672 ilt
226 4613 306 4670 solita
319 4620 422 4669 aeterno
435 4612 518 4668 ferret
530 4610 659 4684 mysteria
671 4608 789 4665 Christo.
1021 4616 1132 4673 fenerat
1144 4615 1261 4678 occulto,
1276 4612 1338 4669 testi
1349 4610 1505 4667 manifestus
1515 4610 1615 4679 egenti.

178 4703 249 4761 ncne
261 4710 352 4759 autem
365 4700 496 4759 uemulus
507 4700 612 4771 glaciali
624 4699 723 4769 trigone
733 4713 847 4770 pauper,
1021 4707 1107 4763 ptem
1120 4702 1261 4777 quisptam
1274 4701 1408 4759 calcantes
1417 4697 1513 4767 gaudia
1524 4697 1616 4754 mundi

178 4792 315 4850 collidens
327 4792 441 4848 miseros
457 4790 569 4845 nudanti
586 4789 689 4846 vertice
701 4787 795 4845 dentes
1022 4795 1135 4865 ,injecto
1147 4792 1230 4847 vitam
1245 4788 1366 4846 notuistis
1378 4800 1500 4857 quaerere
1512 4799 1607 4847 censu.

179 4884 362 4956 admotaeque
372 4897 468 4939 manus
480 4883 559 4939 malis
571 4882 733 4954 pallentibus
743 4890 838 4951 aptans
1021 4882 1087 4951 Quis
1101 4880 1200 4937 nudum
1214 4879 1324 4951 proprio
1335 4878 1402 4933 texit
1414 4874 1531 4932 nudatus
1543 4875 1660 4931 amictui

179 4975 312 5048 Captabat
326 4984 434 5032 tenuem
447 4972 512 5031 datu
530 4975 667 5046 aspirante
679 4981 810 5044 teporem.
1021 4971 1086 5040 Quis
1096 4969 1168 5041 quod
1182 4967 1253 5024 ferre
1265 4968 1346 5023 aliurn
1359 4965 1446 5021 doluit
1456 4979 1511 5021 non
1525 4965 1582 5035 ipse
1595 4964 1710 5034 relngit?

179 5068 299 5125 Durabat
311 5067 423 5124 crebros
434 5081 611 5124 concrescens
624 5066 700 5121 stiria
712 5064 802 5128 batus,
1022 5059 1087 5128 Quis
1100 5058 1183 5113 miser
1192 5071 1252 5112 esse
1262 5055 1353 5111 solens
1363 5054 1491 5109 miserum
1501 5052 1655 5108 miserando
1666 5052 1777 5108 reiecit?

181 5154 241 5213 Vox
254 5170 362 5226 quoqne
374 5170 429 5213 non
449 5156 530 5215 toties
548 5170 678 5212 resonans
696 5153 867 5226 lacrymabile
881 5151 968 5209 verbis
1021 5147 1116 5203 vicisti
1128 5152 1262 5213 veterum,
1273 5142 1397 5207 liertiae,
1410 5141 1533 5213 exempla
1542 5143 1670 5204 virorum,

180 5245 327 5303 Flebilibus
335 5247 446 5318 pransa
455 5247 529 5303 sonis
538 5246 691 5318 gemituque
705 5246 794 5302 locuta
1022 5237 1116 5308 tuque
1130 5237 1216 5307 ipsum
1226 5234 1365 5291 mirandus
1375 5248 1435 5290 eras
1448 5242 1505 5288 turn
1519 5247 1637 5304 paupere
1650 5240 1732 5292 tecto.

181 5335 311 5404 Signabat
325 5344 410 5392 totam
423 5350 503 5392 causa
518 5335 650 5391 clamante
662 5334 811 5404 querelam.
1022 5328 1072 5383 Vel
1087 5341 1147 5383 com
1161 5325 1252 5381 divise
1265 5332 1417 5380 remaneret
1430 5324 1520 5394 portio
1532 5323 1624 5386 restis,

183 5425 246 5483 llaec
258 5427 380 5496 quamvis
393 5426 488 5483 dorum
502 5426 651 5482 atollissent
663 5424 731 5480 iorte
745 5424 877 5494 rigorem,
1022 5415 1095 5473 Cede
1109 5415 1156 5471 tibi
1167 5415 1304 5485 antiquam
1318 5414 1461 5485 geminasti
1471 5414 1522 5469 boc
1531 5426 1641 5467 munere
1655 5410 1798 5480 palmam*

183 5515 222 5573 lle
236 5516 300 5571 dum
314 5515 421 5572 llartiui
434 5517 520 5589 pietas
531 5517 586 5586 jam
598 5523 671 5570 mota
684 5514 785 5571 valeret
1021 5512 1138 5577 interea,
1152 5510 1225 5581 quod
1239 5507 1321 5564 moris
1334 5514 1403 5571 erat,
1418 5502 1581 5560 solemnibus
1595 5500 1688 5554 boram

184 5605 356 5662 Dissimulare
369 5607 447 5663 istam
461 5609 551 5663 miseri
566 5606 715 5677 plangentis
728 5620 876 5660 erumnam.
1023 5600 1089 5656 Esse
1101 5607 1193 5655 monet
1207 5596 1336 5653 diaconus
1348 5599 1481 5650 conventu
1496 5592 1522 5644 in
1533 5589 1617 5659 plebis
1631 5586 1748 5657 agendis.

186 5694 309 5754 Protinus
323 5698 420 5755 astanti
434 5698 547 5755 diacono
558 5712 636 5769 quern
651 5711 726 5752 more
742 5698 860 5764 priorum
1024 5691 1070 5747 llle
1080 5691 1127 5759 ait,
1141 5690 1275 5761 implenda
1289 5695 1331 5745 est
1344 5685 1429 5743 sancti
1439 5682 1559 5740 doctrina
1576 5680 1713 5751 proplrctae
1733 5697 1740 5733 ε
