4034 6184
117 251 185 307 {ott

108 358 385 420 llunstrabatlrnetus
396 371 484 419 mater
495 362 668 421 moesdssima
685 378 778 422 rames

107 452 213 524 llepere
224 452 361 509 consuetis
372 466 422 522 per
431 452 506 508 mitia
516 453 624 525 pomula
638 453 718 519 natis,

107 545 222 614 Propter
229 550 259 598 et
272 542 372 599 arentis
382 542 510 613 pallentia
521 543 641 611 germina
654 544 746 616 campi

106 630 208 702 llugitu
218 631 354 702 pecudum
365 631 505 688 reboantia
515 646 582 690 saxa
593 633 739 690 sonabant

106 722 208 781 'labids
216 723 366 780 lustrabant
374 739 476 781 naeuos
487 733 621 781 sarmenta
635 740 759 783 recessm

106 813 167 881 Qno
180 821 307 885 poterant
318 815 419 883 gemitu
429 816 569 886 querulam
583 817 712 873 testantia
726 826 848 873 causam

107 903 165 963 liuc
178 906 260 976 igitur
268 914 430 977 compuncta
443 907 516 962 maio
530 906 606 979 plebs
624 914 722 964 cuneta
730 908 775 964 rel
788 916 863 975 aeta,

107 995 174 1054 Tam
187 1000 290 1056 darum
300 997 407 1054 sibimet
417 999 528 1068 cupiens
543 997 671 1053 adbibere
683 1005 827 1068 patronum

107 1089 251 1147 llartinum
262 1097 358 1154 exorat
367 1090 456 1157 legate
471 1087 618 1158 interprete
631 1085 755 1157 supplex,

110 1179 144 1238 Ut
158 1181 265 1252 placare
277 1178 362 1234 mum
372 1175 488 1241 studeat,
503 1176 664 1246 veniamque
676 1175 782 1246 precari

107 1272 161 1330 Pro
171 1269 286 1337 miseris,
301 1267 465 1338 tandemque
474 1280 585 1337 gravem
599 1265 736 1338 depellere
745 1273 860 1336 pestem.

108 1361 252 1434 Suppliciis
265 1360 331 1417 satis
345 1372 406 1415 esse
418 1357 522 1425 datum,
536 1356 679 1414 clementia
693 1356 794 1413 Christi

108 1453 236 1512 tutemet
248 1451 358 1508 nimiam
370 1447 458 1506 saltim
470 1456 532 1520 post
544 1448 656 1505 verbera
669 1445 772 1504 cladem
784 1465 792 1501 :

108 1545 165 1601 Nec
174 1558 241 1600 sane
255 1544 369 1599 miseros
381 1555 445 1610 spes
456 1545 614 1609 exspectata
633 1537 737 1594 iclelllt.

108 1636 177 1692 llam
186 1633 265 1691 simul
277 1632 417 1689 abomino
431 1646 539 1704 semper
548 1646 687 1688 connexus
700 1639 729 1686 et
741 1629 848 1687 haereas

109 1727 241 1784 biartinus
252 1725 339 1782 solite
348 1725 456 1796 pietatis
469 1722 542 1780 dona
553 1724 687 1795 poposcit.

109 1817 272 1889 Staliragium
285 1830 396 1873 sensere
408 1815 498 1886 ptum,
514 1815 627 1887 depuisa
641 1814 745 1884 quierit

111 1910 280 1981 Tempestas,
295 1920 420 1979 puroque
429 1906 487 1963 dies
499 1909 607 1963 nituere
617 1921 725 1973 sereno,

112 2020 151 2076 Ae
164 2016 300 2089 exoptatis
310 2014 473 2070 maduerunt
483 2014 605 2083 germina
616 2012 724 2068 nimbis.

42 2108 49 2121 “
112 2111 167 2167 Nee
176 2109 267 2180 spatio
280 2105 426 2163 certatrieta
440 2105 526 2168 breti,
542 2104 589 2159 sed
604 2111 727 2173 tempere
738 2101 820 2173 longo

112 2202 221 2257 Gratior
229 2197 346 2255 extentis
360 2192 552 2253 commendans
562 2206 674 2249 munera
685 2193 765 2249 metis

112 2295 245 2363 Quattuor
256 2299 285 2350 et
297 2290 385 2364 plenis
398 2289 546 2360 permansit
555 2288 641 2359 gratia
652 2288 763 2345 lustris:

112 2391 169 2448 Nec
184 2391 258 2462 prius
272 2388 375 2444 insane
391 2391 535 2442 senserant
547 2383 645 2439 damam
659 2381 783 2453 procelle

112 2484 198 2552 Quam
210 2481 339 2539 Dominus
350 2479 443 2536 clauso
456 2476 595 2549 praesentis
606 2484 729 2545 tempore
737 2475 799 2530 vitae

113 2577 155 2633 Ad
171 2577 294 2646 requiem
311 2587 404 2629 seram
424 2569 597 2627 benedictum
618 2567 762 2637 assumpsit
778 2566 904 2622 amicum.

113 2668 160 2725 Sic
172 2668 310 2735 utriusque
319 2664 370 2735 pire
381 2661 511 2731 transegit
520 2668 642 2728 tempera
653 2657 726 2725 ritae,
763 2672 771 2693 ¹

113 2759 184 2815 Ante
193 2758 266 2815 salus
279 2757 369 2821 terris,
384 2761 413 2811 at
426 2766 498 2809 nunc
512 2750 634 2807 sublimis
646 2749 674 2805 in
687 2749 777 2806 astris.

148 2856 208 2914 lam
219 2857 300 2926 longa
314 2854 394 2911 nimis
407 2851 558 2923 languentis
571 2850 668 2921 pagina
684 2849 746 2906 libri

112 2950 235 3007 Enervat
247 2949 315 3007 clari
326 2948 419 3004 titulos
429 2953 458 3003 et
467 2955 546 3017 gesta
560 2946 682 3016 patroni,

110 3041 230 3100 Grandia
243 3040 306 3097 dum
320 3054 417 3111 parvus
431 3039 537 3109 loquor,
556 3048 584 3096 et
596 3037 719 3095 sublimia
734 3034 817 3104 signis

110 3128 288 3204 splendorem
301 3128 387 3185 laudis
402 3128 519 3200 trepidus
534 3142 678 3198 oemrrmpo
689 3126 799 3182 relator.

109 3226 166 3283 Sed
179 3225 243 3296 quid
256 3227 350 3295 agaml
364 3239 445 3281 uersu
456 3223 596 3280 historiam
611 3235 769 3294 percurrere
783 3218 861 3279 nesii

108 3316 242 3373 iudicium
257 3322 364 3371 narrata
377 3315 481 3378 timent,
496 3326 639 3384 suppressa
648 3319 763 3367 reatum.

109 3404 221 3463 Rectius
234 3406 291 3461 baec
304 3404 389 3460 lector
399 3398 455 3461 sors
464 3396 582 3460 fastidita
594 3397 736 3471 relinquet,

108 3497 197 3564 Quam
210 3497 270 3568 pius
280 3492 386 3552 auditor
399 3495 505 3568 penitus
518 3495 657 3551 subtracta
667 3493 796 3562 requiret.

107 3585 146 3648 tt
155 3586 230 3657 prius
242 3586 372 3642 immitem
382 3585 438 3656 iam
452 3585 564 3652 contigit
578 3583 729 3638 Avitianum

700 245 744 321 on
762 243 841 304 viru
856 248 885 307 s.
894 248 1037 308 uentum
1056 248 1122 305 nm.
1142 248 1171 305 r.

1679 251 1749 308 tote

917 359 1070 431 gludieie,
1084 367 1133 415 aut
1146 358 1227 415 subiti
1240 360 1346 429 signum
1359 358 1414 416 lree
1431 360 1548 417 existere
1560 368 1661 432 nietm,

949 451 1013 509 ttae
1025 452 1123 523 pietas,
1134 466 1188 507 non
1199 451 1240 508 ira
1249 451 1301 507 luit
1318 466 1379 523 que
1390 452 1467 508 saevit
1477 453 1505 508 in
1514 453 1632 518 butem

951 540 1005 597 Pro
1019 541 1120 596 misero
1129 541 1255 597 miserata
1270 539 1355 605 dolet,
1369 541 1522 611 prorumpit
1534 543 1563 598 in
1577 543 1652 598 illum

949 628 1000 688 ilie
1010 636 1106 685 noster
1116 636 1176 685 toto
1189 628 1297 699 penitus
1306 627 1340 685 de
1353 637 1465 700 pectere
1474 628 1555 688 ssatus

949 723 1036 789 Quem
1047 738 1171 795 premere
1184 723 1319 780 horrendo
1332 724 1404 780 celsa
1413 723 1473 780 bec
1481 722 1609 781 subsellia
1623 726 1693 791 nau,

949 811 1091 884 Quemque
1102 821 1155 869 tuae
1168 827 1284 884 pronum
1297 814 1396 870 certici
1410 813 1566 870 incumbere
1574 815 1640 871 ridi.

950 901 1048 959 Desine
1059 902 1115 972 iam
1127 902 1189 958 talis
1202 903 1315 973 collegia
1329 901 1400 959 ierne
1411 904 1534 972 muenia

949 989 1076 1049 Consiliis
1087 992 1148 1064 plus
1160 991 1241 1049 crede
1254 993 1316 1063 piis,
1328 994 1459 1064 deprensa
1471 994 1578 1065 lugetur

950 1078 1105 1150 Calliditas,
1115 1087 1228 1152 experta
1241 1080 1319 1137 dolos
1328 1082 1433 1138 cautela
1446 1084 1571 1154 repellat.

950 1166 1010 1222 lam
1024 1166 1124 1238 pudeat
1134 1182 1230 1238 parere
1243 1183 1301 1236 reo,
1318 1169 1420 1225 servire
1431 1169 1532 1241 iugata.

950 1253 1062 1312 Talibus
1075 1255 1163 1325 ejecto
1175 1256 1306 1327 preclusa
1320 1265 1363 1313 est
1372 1257 1455 1329 janua
1465 1261 1553 1318 cordis

951 1343 1101 1410 monio,
1115 1343 1240 1417 sedisque
1254 1360 1309 1401 sue
1321 1357 1456 1418 prerupta
1465 1358 1606 1420 potetas:

950 1430 1042 1488 liitior
1054 1434 1117 1490 bine
1129 1434 1239 1505 proprio
1252 1435 1361 1491 tandem
1375 1436 1434 1493 sine
1445 1437 1537 1509 jndice
1548 1442 1629 1513 judex

951 1522 986 1578 lit
998 1525 1087 1594 mans
1101 1541 1216 1582 excusso
1228 1525 1330 1595 rejecta
1341 1537 1383 1584 est
1394 1531 1501 1588 sareim
1515 1535 1597 1592 cello·

950 1613 997 1670 Sic
1009 1623 1107 1671 cuneta
1121 1624 1246 1671 extrusos
1256 1615 1349 1673 bostes
1363 1617 1398 1675 de
1410 1619 1476 1677 sede
1488 1620 1607 1693 legabat,

919 1701 1042 1800 BCorda
1055 1703 1193 1760 bominum
1213 1704 1366 1776 absolvens,
1386 1706 1508 1782 profugis
1526 1726 1578 1768 nee
1595 1715 1748 1786 templare·

1615 1801 1747 1874 linquens,

987 1883 1048 1940 iarn
1060 1884 1189 1955 quidquid
1201 1900 1286 1941 uanus
1299 1884 1425 1943 ianomm
1437 1800 1614 1948 exstmxeral
1620 1906 1700 1950 error

953 1972 1073 2030 Ardebat
1082 1975 1175 2046 pronis
1185 1975 1239 2031 late
1251 1985 1359 2032 uastare
1370 1978 1464 2034 ruinis.

954 2064 1031 2121 llaud
1043 2066 1124 2136 longo
1133 2066 1221 2138 spatio
1237 2066 1347 2138 prelata
1358 2076 1466 2125 amotos
1479 2070 1514 2126 ab
1524 2071 1591 2129 urbe

953 2152 1037 2209 Vicus
1050 2161 1118 2219 erat,
1133 2156 1234 2211 veteris
1247 2155 1385 2226 quondam
1398 2158 1511 2230 vestigia
1524 2162 1607 2220 castri

954 2239 1031 2297 Tunc
1041 2242 1149 2300 famulis
1161 2243 1281 2299 habitata
1294 2243 1343 2301 liei
1356 2243 1511 2319 Christique
1523 2251 1662 2311 ministris.

954 2329 1091 2387 Ambaciae
1104 2346 1202 2389 nomen
1211 2333 1329 2405 priscum
1342 2335 1418 2407 prior
1425 2337 1513 2393 incola
1524 2339 1602 2396 dixit.
1726 2410 1730 2417 ἱ

955 2419 1006 2477 liic
1020 2423 1144 2479 immensi
1158 2425 1249 2495 operis
1260 2425 1417 2496 praecelsam
1430 2436 1601 2487 exstruxerat
1612 2422 1697 2491 edem

956 2515 1087 2586 Sacrilegi
1100 2517 1236 2588 quondam
1246 2532 1340 2575 vecors
1351 2518 1486 2577 dementia
1495 2529 1596 2591 eoetus3

956 2604 986 2660 lu
999 2621 1099 2662 cautim
1113 2620 1226 2677 surgens
1237 2607 1338 2664 turritae
1351 2604 1430 2665 molis
1443 2610 1471 2665 in
1487 2611 1572 2667 altum

955 2692 1098 2750 llirillcum
1113 2693 1241 2751 tendebat
1254 2705 1332 2766 opus,
1345 2696 1385 2753 sic
1398 2714 1510 2770 prorsus
1523 2700 1558 2756 ad
1572 2715 1688 2773 unguem

956 2783 1092 2841 Cernetis
1102 2798 1211 2857 semper
1221 2786 1317 2843 crebre
1331 2788 1394 2844 lieet
1404 2790 1500 2847 urdine
1512 2793 1585 2850 saxis

956 2873 996 2931 Ne
1006 2875 1109 2931 celsum
1123 2884 1232 2932 nutmet
1243 2892 1320 2944 onus,
1330 2894 1364 2934 ne
1374 2879 1442 2935 rima
1454 2890 1568 2952 pateret,

956 2965 1012 3023 Sed
1029 2958 1143 3038 pulchra
1155 2968 1278 3024 admotos
1291 2963 1394 3039 lapides
1407 2979 1539 3043 compago
1552 2973 1658 3044 ligaret.

935 3100 942 3121 ,
957 3055 1018 3123 Quo
1031 3056 1117 3128 magis
1131 3054 1242 3115 artificis
1256 3058 1374 3114 studium
1388 3051 1501 3116 rationis
1513 3067 1625 3131 egentes

958 3145 1088 3204 Attonitis
1099 3154 1228 3219 stupuere
1241 3148 1357 3206 animis:
1371 3146 1410 3208 sie
1423 3147 1505 3208 stulta
1518 3152 1643 3223 pudende

958 3237 1075 3308 Relligio
1089 3237 1201 3296 invaluit
1214 3256 1347 3299 venerans
1361 3243 1534 3314 pronumine
1543 3246 1632 3307 selum

958 3328 1095 3400 ingenium
1109 3332 1271 3404 geniumque
1281 3330 1330 3388 liei
1342 3332 1377 3388 de
1392 3333 1501 3390 nomine
1513 3333 1591 3392 labri.

957 3419 1036 3478 lianc
1049 3421 1130 3493 igitur
1139 3431 1248 3478 sanctus
1261 3422 1379 3478 subverti
1387 3422 1505 3493 jusserat
1516 3425 1604 3482 adem

958 3500 1109 3568 blattinus:
1124 3513 1246 3582 neglecta
1260 3512 1306 3568 diu
1320 3513 1447 3569 mandata
1461 3513 1533 3570 fideli

958 3599 1121 3674 Presbytero
1135 3602 1293 3673 exprobrat,
1309 3610 1398 3657 mmen
1417 3602 1463 3659 ille
1478 3603 1535 3659 baec
1543 3603 1617 3673 jussa
1628 3610 1749 3666 modeste

107 3677 206 3733 Sermo
220 3676 304 3748 prior,
316 3691 388 3732 nunc
400 3674 468 3730 ordo
479 3673 570 3745 operis
580 3676 724 3728 revocatur
737 3662 772 3725 ad
789 3669 886 3740 ipsum.
957 3688 1066 3762 Εψιθή
1081 3691 1201 3762 potense
1211 3698 1311 3760 negat:
1326 3692 1392 3748 „qq
1401 3692 1484 3748 „gua
1494 3692 1572 3751 pessi,

106 3765 161 3825 llic
173 3782 259 3824 scenos
272 3767 382 3821 vincens
393 3763 450 3820 dira
464 3763 570 3820 lenitate
584 3771 724 3835 smarnos,

107 3858 207 3915 Tristia
221 3866 380 3915 incestorum
395 3854 488 3912 sitiens
501 3862 635 3912 temtenta
651 3862 769 3919 reorum,

107 3946 240 4003 Parecbat
251 3947 360 4018 paulum
374 3940 511 4003 Turonum
523 3944 616 4002 mitior
625 3944 694 4001 urlti.

107 4036 161 4093 ilic
173 4045 276 4094 tantum
286 4037 396 4093 burnani
410 4052 505 4094 sensus
518 4036 627 4105 vestigia
642 4034 769 4106 prodens,

106 4127 247 4184 Subdebat
259 4129 360 4185 sanetis
372 4130 436 4185 licet
449 4145 497 4185 ora
510 4129 621 4185 rebellia
634 4128 717 4184 irenis

107 4218 258 4287 lngenitum
269 4219 420 4290 reprimens
434 4219 541 4275 llartini
553 4220 586 4276 ad
598 4219 671 4290 jussa
685 4218 814 4275 furorem.

106 4305 143 4361 m
155 4321 222 4363 sane
235 4307 376 4364 manifesta
393 4308 471 4378 liujus
484 4310 646 4365 documenta
660 4306 779 4363 medella

106 4399 155 4457 Sic
163 4399 280 4472 quadam
292 4409 403 4473 patuere
415 4403 460 4459 die
471 4422 478 4459 ι
490 4403 657 4461 venerandus
671 4403 762 4459 adibat

106 4488 240 4544 llartinus
249 4487 337 4544 diram
349 4490 395 4546 tali
407 4491 458 4547 sub
469 4490 560 4561 judice
573 4490 665 4546 amem

107 4574 340 4634 maternianus
352 4577 444 4635 feritas
458 4580 599 4636 mitescere
611 4588 705 4651 posset

106 4666 218 4733 Olliciis,
231 4671 318 4725 sancti
331 4669 467 4742 obsequiis
478 4672 605 4729 obstricta
618 4676 736 4745 patroni.

106 4758 155 4814 llle
169 4760 196 4815 in
210 4761 339 4829 praecelse
350 4762 487 4818 residebat
500 4763 570 4821 lorte
584 4766 663 4823 sedili

105 4846 275 4919 Catispicuus
283 4849 352 4906 solio
365 4851 500 4907 excellens
509 4852 673 4925 nimiumque
686 4859 799 4930 superba

105 4937 261 4996 Ambitione
272 4949 388 5010 tumens,
402 4940 566 4999 subitorum
579 4955 687 5003 sanetus
698 4949 731 5004 ad
745 4950 831 5021 ipsum

105 5025 247 5097 Aspiciens
256 5028 329 5085 sidet
343 5029 478 5085 horrentis
491 5031 607 5102 tetrique
620 5044 760 5092 cruentam

106 5116 244 5174 Damonis
256 5119 342 5174 insani
354 5119 471 5190 speeiem
485 5121 591 5178 terties
604 5124 750 5193 reclinem,

106 5206 235 5264 lnnexam
250 5216 308 5265 toto
319 5222 433 5280 pronam
446 5208 607 5268 decumbere
619 5212 690 5268 uisu.

106 5297 194 5364 Quam
205 5298 298 5368 procul
312 5305 341 5354 ut
354 5298 418 5355 llatu
429 5298 564 5356 benedleti
578 5302 690 5370 contigit
703 5304 761 5360 oris

106 5387 226 5445 Saractm
238 5395 266 5445 et
279 5390 387 5446 admoto
400 5390 476 5447 verbi
489 5398 592 5448 terrore
602 5391 712 5464 legarit,

107 5484 219 5556 ignarus
231 5486 298 5542 socii
309 5501 340 5543 se
352 5485 466 5543 eredidit
482 5487 620 5546 britianus

108 5585 254 5656 Excepisse
265 5600 374 5657 grauem
388 5587 522 5644 maledieti
535 5589 563 5643 in
575 5589 690 5658 imagine
700 5598 819 5659 pmnam.

108 5680 156 5740 tlte
169 5684 253 5740 retent
268 5700 276 5740 ι
290 5681 329 5738 tte
338 5681 488 5744 eredemeo
498 5694 525 5744 te
536 5685 608 5745 lette
618 5694 741 5743 notatum

956 3779 1021 3837 lime
1034 3781 1182 3847 monacbis,
1200 3780 1347 3852 paucisque
1360 3781 1409 3837 bei
1431 3780 1511 3839 decet
1530 3799 1589 3842 esse
1607 3786 1747 3860 ministris,

957 3871 1024 3940 Quae
1035 3873 1080 3928 rix
1093 3871 1214 3929 collectae
1227 3879 1343 3928 vacuato
1356 3887 1420 3929 rure
1433 3880 1550 3930 caterva

956 3963 1012 4018 Arrt
1025 3961 1187 4019 desudantes
1196 3969 1308 4034 possent
1321 3962 1432 4034 explere
1442 3963 1578 4021 cobortes.

957 4050 1004 4109 llis
1016 4052 1105 4124 patuit
1114 4053 1223 4123 penitus
1231 4050 1306 4123 justa
1318 4051 1456 4108 excusatio
1469 4050 1569 4111 verbis.

957 4141 1013 4199 Nee
1026 4158 1089 4214 spes
1099 4152 1141 4201 est
1154 4142 1267 4198 infracta
1281 4151 1450 4212 tamennon
1465 4141 1509 4200 ille
1521 4143 1662 4214 necandis,

957 4232 1026 4291 lota
1041 4245 1119 4307 parat
1132 4232 1248 4307 populis,
1263 4248 1314 4292 nee
1326 4244 1384 4292 tato
1397 4251 1433 4292 ex
1446 4237 1512 4294 orbe
1524 4248 1632 4297 coactas

956 4325 1093 4383 Ambacim
1106 4325 1140 4382 ad
1153 4326 1241 4382 uicum
1255 4335 1385 4398 properat
1397 4327 1532 4384 deducere
1545 4338 1657 4388 turmas.

919 4469 947 4530 D
959 4420 1092 4476 Auxilium
1102 4418 1211 4475 coeleste
1224 4428 1313 4487 vocat,
1322 4433 1385 4489 spes
1398 4419 1488 4477 omnis
1501 4419 1586 4478 inille
1599 4431 1643 4479 est

957 4508 1008 4576 Qui
1018 4509 1115 4565 eoelum
1127 4517 1278 4578 terramque
1291 4510 1371 4578 regit,
1386 4509 1430 4565 eui
1443 4510 1540 4566 militat
1553 4525 1601 4568 aer

957 4599 993 4655 Et
1006 4615 1210 4671 permansurum
1224 4606 1333 4655 serrant
1343 4598 1478 4656 elementa
1490 4614 1629 4671 patorem.

958 4689 1074 4745 Rursum
1085 4691 1166 4760 igitur
1179 4690 1263 4746 setosi
1277 4682 1385 4745 lrabi'tua
1395 4688 1564 4760 stimulisque
1577 4693 1704 4752 redicem

956 4779 1084 4837 Consueti
1097 4788 1241 4851 penetrare
1255 4789 1353 4847 eutem,
1369 4790 1491 4837 connexa
1504 4778 1601 4840 rebelli

955 4869 1062 4927 Vellere
1075 4866 1179 4926 duritiae
1192 4866 1285 4941 rigidis
1298 4870 1325 4927 iu
1341 4871 1451 4928 vulnera
1466 4870 1533 4939 dtis,

956 4960 1101 5030 Pervigiles
1113 4960 1210 5016 iterum
1223 4959 1464 5031 gentitus,jejunia
1478 4977 1585 5021 rursum

954 5051 1049 5108 bilatis
1060 5060 1189 5107 renotata
1201 5050 1279 5117 cibis,
1294 5051 1437 5124 noctisque
1450 5052 1572 5110 laborem

953 5141 1016 5199 llux
1030 5157 1188 5199 successura
1204 5157 1309 5197 rursum
1321 5140 1461 5213 iungentia
1471 5144 1533 5200 soli.

953 5232 1009 5290 iiec
1022 5233 1102 5303 longa
1116 5233 1168 5289 lior
1178 5236 1272 5288 retum
1283 5248 1359 5289 mora
1372 5233 1494 5289 distulit:
1510 5249 1574 5291 eece
1588 5252 1698 5294 reverse

953 5320 1111 5397 Tempestas
1124 5322 1241 5380 uiolenta
1255 5323 1299 5380 die
1308 5325 1504 5397 circumstrepit
1518 5325 1604 5383 edem

953 5409 1072 5471 Turbine
1082 5422 1225 5471 tentorum
1236 5414 1322 5487 ruptis
1336 5415 1363 5470 in
1377 5412 1486 5471 flumina
1497 5412 1604 5484 niunbis,

953 5507 1072 5564 bividuar
1085 5524 1201 5566 excusso
1214 5508 1373 5566 scinduntur
1386 5509 1487 5566 lumine
1499 5511 1598 5576 nubes,

952 5597 987 5654 Et
999 5601 1172 5657 collectarum
1186 5600 1360 5672 superandus
1370 5601 1456 5658 meles
1469 5614 1600 5671 aquarum

952 5689 1105 5751 Mucbono
1118 5692 1263 5764 impactam
1278 5691 1381 5752 collidit
1394 5691 1501 5750 turbine
1514 5700 1632 5764 cratus,
