4034 6184
297 316 350 375 ξω
862 307 891 362 ἃ
910 305 1049 364 PAULINI
1067 303 1193 362 Nonam
1211 303 1364 363 netscolu
1876 301 1923 361 'alib

297 429 374 485 scio:
398 425 525 497 quoniam
545 432 635 495 portio
649 429 695 478 tus
712 428 756 478 est
767 419 869 477 honum
883 417 1024 473 familiaris
1039 416 1089 472 tul.
1106 419 1200 490 Acies
1217 415 1240 473 ¹.
1265 416 1333 472 llam
1345 421 1374 471 et
1386 413 1510 470 sensibus
1524 413 1547 447 ss
1560 412 1720 481 vegetandis
1732 414 1857 485 proderat
1873 415 1926 474 hec

332 519 360 576 l.
373 518 489 573 Servivit
502 530 568 585 ergo
580 515 655 582 mihi,
670 513 781 570 servivit
793 513 903 583 iuquam
914 529 922 578 ;
933 519 961 566 et
974 524 1016 565 rte
1030 509 1097 565 mihi
1145 506 1256 579 pictatis
1267 506 1352 576 magis
1365 504 1512 575 palmstra,
1529 517 1611 573 quam
1624 503 1764 574 corporis,
1786 519 1839 574 qua
1851 503 1927 563 irater

298 611 408 675 misero,
423 607 496 678 quod
506 622 601 678 passus
612 621 692 671 sum;
714 603 824 660 servivit
834 609 864 658 et
875 600 1028 673 peccatori,
1048 600 1096 669 qni
1145 597 1234 653 bonus
1246 603 1322 651 artus
1337 594 1402 649 mihi
1423 591 1550 661 fragiles,
1572 606 1655 647 mauu
1669 591 1805 662 lingente,
1827 609 1927 666 compo

297 717 353 757 nun
366 672 502 758 servieb⁸at
513 705 648 767 peccato3
674 703 703 751 et
716 708 767 763 ego
790 693 915 762 indignus
928 707 945 747 a
957 707 1037 748 servo
1048 690 1095 761 jn·
1146 700 1231 751 acus,
1256 684 1355 741 mentis
1367 696 1477 753 quoqne
1488 681 1609 752 vigorem
1621 681 1752 738 nmcatis
1764 683 1867 738 ussihm
1878 685 1926 740 erl

297 790 378 847 critic
399 788 581 843 ministrabar.
608 785 662 841 Sed
682 784 746 840 hinc
761 782 827 838 inihi
845 782 967 837 levamen
986 780 1096 849 aliquod
1145 775 1235 845 gebat,
1251 783 1416 846 cooperante
1425 772 1602 844 proculdubio
1613 773 1738 829 manibus
1747 771 1818 830 lide:
1832 774 1927 832 utdum

299 883 367 938 tanti
382 879 512 952 ponderis
523 893 620 949 spero,
642 875 716 946 quod
729 874 816 931 sancti
830 872 920 928 fratris
936 871 1095 927 famulatum
1145 866 1279 921 inllrmam
1290 879 1400 920 carnem
1413 878 1509 933 manus
1519 862 1653 932 diligentis
1665 863 1794 931 deesset,
1822 880 1925 936 comps-

298 989 353 1029 nou
363 970 490 1041 snperbia
511 967 644 1023 vindicavi
659 969 686 1033 ⁸,
709 964 758 1022 sed
774 964 814 1035 (al
828 963 1012 1019 contestandae
1026 961 1096 1017 cari-
1148 956 1259 1011 tientem
1274 956 1390 1010 animam
1409 954 1494 1023 gratia
1509 951 1645 1009 credentis
1659 952 1781 1018 moeret,
1806 953 1927 1025 deestque

299 1063 363 1117 tatis
385 1075 472 1125 mem,
495 1066 524 1114 et
546 1055 599 1113 lide
620 1056 758 1127 capiendae
779 1051 975 1109 benedictionis
987 1050 1094 1108 adinhl.
1144 1047 1211 1101 mihi
1235 1046 1308 1101 intus
1331 1045 1421 1100 oleum
1441 1044 1560 1112 letitie,
1583 1043 1656 1114 quod
1677 1042 1744 1099 loris
1764 1046 1926 1102 cratonum

301 1152 456 1209 Benedictio
470 1149 543 1206 enlm
555 1148 621 1204 mihi
635 1155 695 1203 erat
708 1154 803 1202 sancta
823 1144 851 1199 in
866 1145 975 1200 inomine
988 1140 1037 1197 llei
1052 1140 1095 1198 la·
1145 1137 1269 1193 multatis
1283 1145 1306 1190 t.
1412 1155 1415 1163 ·

298 1243 411 1298 mulatio
422 1279 430 1303 ,
454 1249 482 1296 et
496 1240 524 1294 in
538 1237 670 1293 libertatis
681 1236 778 1308 spiritu
797 1232 896 1289 famula
909 1232 1030 1287 dilectio.
1053 1230 1095 1286 llh
1180 1224 1206 1279 6.
1227 1224 1326 1295 Accipe
1339 1223 1421 1280 modu
1434 1221 1515 1278 aliam
1529 1221 1650 1292 eiusdem
1663 1221 1689 1276 in
1701 1222 1802 1279 nostris
1814 1222 1928 1280 sensibus

299 1334 352 1388 hoc
363 1330 544 1386 voluntarium
554 1327 613 1397 eius
625 1328 726 1383 bunum
739 1335 762 1391 ⁸,
777 1332 806 1380 et
820 1340 869 1395 pro
884 1322 967 1393 ipsius
980 1321 1096 1377 utilitate
1144 1319 1311 1375 servitutem.
1327 1316 1396 1384 Quia
1415 1331 1469 1372 non
1490 1315 1578 1371 solum
1593 1314 1749 1371 relectionis
1762 1323 1870 1384 nostre,
1883 1314 1927 1372 scd

297 1422 415 1492 suscepi,
431 1434 597 1493 presumens
611 1434 645 1475 eo
655 1417 835 1490 potentiorem
849 1413 978 1470 exorandi
989 1427 1038 1484 pro
1050 1426 1095 1467 nte
1145 1408 1355 1481 stparsimonioe
1380 1421 1472 1462 curam
1495 1420 1602 1474 gerens,
1627 1405 1735 1461 facilem
1765 1420 1816 1461 uos
1837 1404 1928 1460 vinnm

298 1514 427 1576 lnturnm,
439 1526 494 1581 qno
507 1513 518 1545 ¹
532 1510 593 1582 plus
606 1510 697 1565 meriti
710 1508 744 1563 de
760 1506 798 1578 (bl
813 1504 952 1573 religionis
965 1502 1094 1573 operibus
1144 1501 1205 1557 cibo
1219 1498 1333 1569 simplici
1346 1511 1454 1568 capere,
1466 1495 1552 1552 coctis
1566 1495 1593 1550 in
1605 1503 1681 1566 gutta
1693 1495 1746 1551 olei
1758 1503 1786 1551 et
1801 1508 1874 1564 aquas
1884 1510 1927 1551 co·

298 1601 457 1671 acquisisset
471 1600 503 1652 ¹⁰.
532 1598 601 1669 Aget
622 1595 745 1668 prolecto
768 1593 936 1649 orationihus
957 1591 1033 1657 suis,
1057 1603 1094 1644 ne
1144 1594 1188 1663 pia
1212 1592 1339 1664 pultibus,
1361 1589 1453 1645 docuit
1478 1605 1485 1641 :
1510 1587 1558 1644 sed
1581 1603 1629 1644 eas
1651 1596 1729 1643 tanto
1751 1587 1843 1657 grstlae
1866 1586 1929 1654 sale,

297 1692 366 1747 meis
378 1691 507 1747 oneribus
520 1689 685 1754 accreverit,
698 1685 770 1755 qnod
784 1684 964 1739 etiamcsme
977 1678 1094 1736 accessit
1145 1691 1220 1739 tanta
1245 1680 1390 1738 dulcedine
1414 1680 1536 1736 caritatis
1558 1678 1712 1744 condiebat,
1734 1688 1764 1734 nt
1783 1694 1884 1749 coquos
1905 1686 1929 1735 et

299 1782 430 1839 lructibus
442 1780 507 1834 suis.
527 1778 614 1834 [lilexi
628 1777 716 1837 enim,
732 1774 834 1838 fatcor,
850 1775 877 1827 in
895 1774 953 1840 ejus
964 1769 1095 1839 obsequio
1110 1772 1301 1834 Bcundituras
1317 1785 1370 1824 vion
1394 1766 1637 1825 desideraremus*
1653 1786 1661 1823 :
1683 1769 1745 1839 quia
1768 1783 1846 1838 aquse
1863 1783 1929 1839 pnrse

298 1868 535 1929 benedictionem.
561 1865 659 1920 liment
679 1879 714 1918 ne
732 1861 873 1932 repudiata
891 1860 1065 1927 elongaretur
1078 1871 1094 1912 a
1146 1861 1236 1918 oleum
1250 1859 1399 1922 suavitatis,
1411 1857 1484 1926 quod
1499 1858 1572 1912 nulla
1581 1872 1734 1913 muscarum
1747 1856 1929 1929 importunitas

300 1973 364 2023 me;
383 1957 447 2027 quia
461 1957 592 2025 scriplum
607 1955 751 2010 tenebam:
768 1951 861 2009 Noluit
878 1951 1091 2015 benedictionem,
1144 1951 1345 2017 exterminavit,
1368 1947 1526 2017 simplicitas
1550 1947 1658 2002 caritati
1678 1946 1772 2015 juncta
1786 1945 1929 2019 miscebat.

297 2057 324 2101 et
337 2044 501 2119 nusquitan
514 2043 587 2100 uben
601 2042 628 2099 l.
644 2043 812 2113 Dediitaque
839 2055 883 2096 me
897 2050 984 2096 totum
1003 2040 1093 2095 mani·
1145 2042 1245 2098 Verum
1259 2041 1387 2112 spiritalis
1400 2054 1504 2109 coquus
1525 2038 1681 2094 interiorem
1693 2036 1833 2092 hominem
1847 2036 1930 2092 cibare

182 2172 188 2177 -
297 2135 349 2191 bus
362 2135 422 2206 ejus
432 2142 515 2205 atquc
528 2134 695 2190 visceribus:
712 2133 775 2202 qnia
791 2146 840 2202 per
853 2132 956 2186 viscera
973 2131 1095 2187 caritatis
1144 2131 1260 2195 doctior,
1275 2145 1330 2200 quo
1343 2129 1496 2185 destrueret
1507 2142 1597 2184 escam
1608 2127 1689 2196 girlie,
1702 2141 1757 2181 non
1768 2126 1874 2195 siligine
1883 2140 1930 2179 nn·

297 2240 394 2281 manns
407 2223 536 2289 lamulas,
550 2234 579 2278 et
588 2223 716 2278 memhris
730 2222 798 2277 meis
811 2229 924 2285 unctor,
938 2220 1094 2290 etpedibus
1144 2220 1186 2276 his
1199 2219 1298 2290 pultes,
1312 2218 1361 2275 sed
1380 2218 1467 2275 larius
1486 2216 1604 2275 coniecit
1622 2225 1670 2273 aut
1692 2217 1777 2273 ruilio.
1801 2217 1840 2272 hc
1852 2232 1885 2273 ue
1904 2216 1929 2271 is

298 2316 335 2385 (ι)
350 2312 593 2379 lotoradhibehat;
609 2311 758 2367 liberalium
769 2311 865 2382 plenus
878 2308 1033 2377 affectuum,
1046 2309 1094 2365 sed
1143 2310 1196 2366 hoc
1217 2312 1277 2381 ipso
1302 2310 1444 2369 delicatius
1469 2312 1608 2367 nobiscnm
1629 2325 1710 2380 agere
1722 2310 1872 2378 videretur,
1888 2309 1930 2380 qni

297 2406 434 2463 servilium
447 2413 597 2476 praereptor
609 2405 657 2477 (V.
673 2411 731 2461 not
748 2405 793 2476 ll)
808 2418 931 2475 opernm,
947 2405 992 2459 sis
1007 2412 1037 2460 ut
1049 2419 1094 2461 me
1144 2416 1194 2456 nos
1208 2400 1242 2456 ad
1264 2404 1369 2457 orexim
1385 2401 1434 2473 (Υ.
1459 2410 1517 2457 not.
1534 2401 1579 2472 ls)
1604 2402 1802 2458 monachorum
1825 2402 1931 2473 parabat

297 2509 395 2565 aquam
415 2494 570 2551 ministrare
591 2493 717 2550 manibus
737 2495 793 2550 suis
815 2494 927 2550 sineret.
960 2492 1001 2549 lis
1024 2495 1093 2552 libro
1143 2491 1276 2559 imbuere,
1288 2490 1377 2547 lsham
1389 2491 1493 2547 intrivit
1506 2492 1624 2562 panicio,
1640 2506 1696 2562 qno
1708 2492 1788 2549 citius
1804 2492 1841 2565 (el
1857 2506 1930 2548 sena·

298 2583 371 2639 enirn
385 2591 432 2638 tuo
446 2580 495 2653 (l'.
510 2590 569 2638 nul.
583 2581 630 2652 ¹12)
645 2582 722 2638 istius
740 2581 857 2653 gratiam
870 2583 1008 2639 servitutis
1029 2583 1094 2639 nda-
1143 2581 1243 2637 surium
1264 2595 1429 2653 poneremus
1447 2580 1595 2637 fastidium.
1618 2578 1674 2637 Sed
1695 2582 1724 2637 lu
1744 2582 1930 2639 benedictinos

299 2671 388 2737 mavi,
402 2677 432 2726 nt
443 2670 582 2725 minimam
596 2671 692 2726 saltem
709 2671 840 2751 guttulam
854 2673 889 2728 de
900 2674 985 2729 sacris
999 2673 1093 2729 Marti·
1142 2670 1293 2728 dulcedinis
1310 2671 1408 2727 animae
1434 2671 1545 2727 delicias
1567 2671 1746 2738 babebimus,
1769 2673 1932 2743 matulautes

299 2761 328 2817 ni
341 2760 447 2817 actibus
458 2759 615 2816 delibarem.
643 2759 703 2830 lpse
716 2775 781 2817 veru
800 2762 923 2831 qnotidie
935 2778 989 2816 non
1004 2763 1093 2820 solum
1142 2761 1216 2832 quod
1227 2761 1311 2817 irater
1325 2761 1407 2818 etiarn
1422 2760 1450 2816 iu
1464 2753 1620 2816 monialibus
1626 2761 1784 2817 ministeriis
1798 2762 1930 2834 spiritalis,

297 2849 382 2920 pedes
393 2864 470 2905 meos
483 2849 594 2918 lavare,
609 2849 698 2906 sedet
710 2851 915 2920 calceamenta,
934 2853 958 2906 si
972 2861 1102 2923 paterer,=
1142 2851 1310 2921 propheticis
1321 2866 1372 2907 nos
1389 2850 1457 2907 cibis
1477 2858 1613 2921 pastaerct.
1636 2850 1704 2906 Nam
1727 2852 1756 2906 in
1773 2853 1932 2908 conhidone

298 2946 404 3007 tergere
417 2939 562 3009 cupiebat,
585 2955 684 2996 avarus
702 2941 895 2998 dominationis
908 2941 1041 3010 hinnitu,
1064 2950 1094 3000 et
1142 2941 1276 3013 permista
1290 2955 1376 3011 panes
1387 2941 1449 2996 illos
1462 2940 1643 2997 uihuladonis
1657 2942 1777 2999 imitatm
1790 2951 1845 3010 est,
1867 2956 1931 3012 quos

297 3029 546 3101 idcircocnrpnrae
555 3031 693 3087 servitutis
704 3032 818 3102 impiger
1143 3030 1268 3088 Ezechiel
1285 3031 1294 3069 l
1313 3031 1446 3102 propheta
1466 3030 1590 3088 daverio
1604 3031 1730 3103 lrugiset
1748 3032 1832 3089 larris
1853 3031 1932 3090 noall-

334 3117 360 3175 ὅ.
376 3118 430 3176 Sed
441 3121 476 3177 de
489 3122 606 3192 pedihus
620 3123 640 3156 ¹¹
656 3122 777 3178 lavandis
790 3130 895 3179 mutum
909 3123 993 3180 scmcl
1008 3123 1096 3181 tamor
1108 3124 1132 3188 c
1146 3137 1209 3179 cere
1220 3122 1272 3178 sibi
1286 3137 1386 3194 genere
1396 3122 1487 3192 iussus
1497 3131 1558 3191 est,
1582 3131 1612 3178 et
1624 3124 1659 3179 ad
1671 3124 1876 3194 expressionem
1888 3122 1931 3178 lu·

299 3210 450 3280 apostolico
461 3225 506 3266 nne
516 3212 641 3281 exemplo
654 3213 778 3280 cessisse,
799 3227 868 3283 quos
878 3214 995 3283 legeram
1010 3215 1094 3285 pedes
1143 3214 1227 3271 dalcae
1246 3214 1437 3283 contusionis,
1459 3216 1506 3286 qui
1520 3216 1598 3273 obliti
1617 3215 1713 3284 heum,
1736 3218 1932 3272 munerat

298 3317 363 3358 snos
379 3300 509 3357 savants
521 3303 649 3358 misem
664 3303 779 3359 nonius
794 3292 941 3375 praeusto
956 3317 980 3361 e.
1000 3305 1094 3376 nsque
1143 3305 1255 3377 posim
1267 3322 1341 3360 mon
1354 3306 1869 3364 tismensnmmutsmssmss
1886 3310 1932 3378 r·

297 3393 370 3449 euim
383 3400 488 3464 putem
507 3394 535 3449 iu
548 3394 699 3452 hereditate
717 3396 769 3451 uisi
782 3395 940 3453 famulantis
959 3401 1093 3469 ohseqmo
1143 3411 1205 3450 osis
1217 3399 1241 3465 l,
1261 3396 1289 3450 in
1312 3405 1433 3454 stercore
1453 3397 1535 3454 Mum
1558 3412 1695 3468 comere,
1717 3408 1865 3471 coctosque
1884 3401 1932 3457 sub

298 3485 486 3555 recepissent;
507 3485 633 3554 quoniam
648 3485 735 3542 hunus
746 3485 876 3543 [lominus
889 3495 918 3543 et
933 3489 1092 3545 salutarium
1142 3484 1239 3543 ltetidn
1252 3487 1344 3544 cinere
1355 3528 1363 3554 ,
1376 3503 1439 3544 cum
1461 3488 1587 3560 lacrymis
1606 3488 1643 3561 (s)
1657 3490 1800 3561 captivatis
1812 3492 1840 3547 in
1858 3506 1931 3547 men·

298 3573 446 3642 magister,
470 3575 605 3632 serviendi
625 3576 777 3632 miiiisteriu
792 3576 950 3634 dominandi
966 3582 1093 3635 moritum
1142 3594 1206 3636 sura
1229 3594 1345 3635 sumere.
1367 3578 1499 3636 Videlicet
1519 3586 1550 3635 ut
1570 3589 1794 3651 superventuram
1818 3581 1931 3653 perfidie

297 3661 474 3731 conserebat3
500 3673 529 3721 et
542 3665 700 3721 humilitatis
713 3665 837 3721 humane
851 3667 988 3736 pransum
1001 3682 1093 3723 erem·
1142 3683 1200 3726 sue
1211 3684 1318 3740 penam
1327 3671 1506 3741 corporaliter
1517 3671 1545 3726 in
1563 3674 1642 3744 122
1656 3673 1786 3742 propbeta
1799 3674 1929 3743 signatam

298 3754 384 3825 phau,
397 3756 602 3827 quibusdivine
613 3755 1090 3827 sublimitatisparshatcnnsortium.
1143 3759 1327 3830 providerent,
1338 3767 1367 3815 ct
1380 3761 1425 3816 vel
1439 3761 1475 3817 ita
1499 3770 1702 3819 reverterentur
1719 3765 1754 3818 ad
1769 3762 1929 3828 bominum,

299 3843 376 3901 llnde
389 3855 532 3916 perspecto
544 3846 663 3903 muneris
676 3848 746 3903 tanti
761 3848 901 3918 mysterio,
914 3857 943 3904 et
956 3847 1092 3904 intellecta
1142 3852 1167 3908 si
1180 3866 1229 3907 eos
1239 3850 1274 3906 ad
1288 3851 1472 3922 poenitendum
1489 3867 1543 3908 nou
1556 3852 1645 3910 solnm
1658 3853 1749 3910 verbis
1761 3850 1929 3917 denuntiata,

298 3940 363 3995 honi
376 3939 578 4008 magnitudine,
603 3940 649 4008 qui
663 3940 751 4011 primo
765 3940 943 3995 ministrantis
960 3946 1093 4010 apparatu
1142 3946 1191 4001 sed
1204 3945 1287 4002 etlam
1301 3944 1461 4016 otrrporihus
1471 3943 1669 4016 Prophetarum
1687 3960 1827 4017 expressa,
1840 3945 1931 4003 nuens

298 4029 381 4100 peiles
395 4027 493 4083 ollerrc
508 4028 729 4098 trepidaverant;
742 4028 799 4098 jam
813 4045 868 4084 nou
878 4029 962 4099 pedes
975 4038 1092 4097 nomm,
1142 4033 1191 4089 liei
1204 4033 1244 4089 ira
1260 4042 1411 4091 revocaret.

297 4119 347 4175 sed
364 4122 440 4191 121
456 4126 568 4174 totosse
581 4133 668 4187 usqne
681 4118 716 4174 ad
727 4127 808 4187 capnt
819 4118 906 4188 perlui
919 4129 1091 4189 rogaverunt.
1178 4126 1206 4179 ⁷.
1227 4124 1317 4181 Voluit
1330 4140 1397 4196 ergo
1419 4125 1618 4195 lraterVictor,
1638 4134 1742 4184 utnon
1760 4127 1849 4185 solum
1861 4126 1930 4197 ieiu-

298 4207 333 4262 lit
345 4222 396 4276 ego
411 4207 552 4262 Minicium
565 4204 658 4262 lesum
672 4207 699 4262 in
713 4206 797 4264 fratre
814 4207 924 4265 Victore
937 4219 1090 4279 veneratus,
1143 4214 1199 4278 uio,
1214 4215 1263 4271 sed
1273 4223 1302 4272 et
1315 4216 1377 4274 cibo
1388 4217 1532 4274 humiliare
1545 4218 1664 4274 animam
1687 4219 1855 4276 disceremus
1875 4237 1882 4273 ε
1906 4226 1932 4273 et

298 4298 460 4379 quiaouruis
473 4297 562 4352 suirua
574 4297 660 4353 lidelis
674 4313 708 4354 cs
723 4298 780 4355 Deo
794 4308 844 4366 est,
862 4302 1092 4357 etbamiliscorde
1141 4307 1330 4363 recordatione
1364 4317 1537 4379 peccalorum
1563 4321 1706 4378 veterum,
1741 4311 1932 4380 intellectuque

297 4386 375 4443 icor
389 4386 563 4455 Christiest,
586 4386 694 4456 latenr,
717 4390 751 4445 ad
765 4390 913 4447 remedium
927 4390 1092 4448 infirmitatis
1142 4397 1317 4466 praesentium
1340 4400 1430 4456 tristes
1452 4400 1616 4457 manducone
1636 4417 1734 4473 pauens
1756 4402 1862 4460 doloris
1885 4401 1898 4441 l
1922 4418 1930 4456 s

298 4477 406 4546 optavi,
419 4484 448 4531 ul
461 4477 524 4533 oleo
538 4491 582 4533 rus
592 4477 634 4534 vel
650 4492 720 4548 aqua
733 4477 830 4533 melior
846 4494 994 4536 conservus
1006 4480 1092 4559 attin·
1104 4490 1132 4552 Ι)
1143 4486 1269 4554 quamvis
1282 4500 1316 4542 ex
1334 4496 1414 4559 parte
1434 4489 1513 4545 nohis
1530 4493 1692 4562 pepercerit,
1713 4491 1804 4549 labain
1828 4502 1931 4550 mutum

297 4576 384 4637 geret.
404 4568 459 4625 Nec
473 4569 565 4625 irritus
580 4570 601 4601 ¹¹
616 4567 654 4624 lui
669 4569 911 4640 praesumendum
937 4585 999 4625 nam
1014 4570 1092 4641 quasi
1142 4576 1218 4633 milio
1232 4578 1392 4649 panicioque
1407 4579 1576 4639 confundens
1593 4599 1600 4636 z
1619 4585 1692 4653 qnod
1709 4592 1800 4640 tamen
1820 4584 1933 4641 forsitan

298 4657 459 4712 medicatum
483 4658 607 4715 manibus
633 4658 686 4728 piis
709 4657 800 4713 olcunr
825 4657 860 4714 de
883 4658 940 4728 ipsa
966 4661 1092 4728 ungentis
1142 4666 1287 4724 oblivionis
1303 4671 1389 4739 tnagis
1416 4684 1498 4740 quam
1531 4671 1724 4729 moderaminis
1756 4672 1847 4730 inserit.
1866 4674 1932 4729 Naris

301 4747 507 4804 mansuetudine
520 4748 587 4803 mihi
599 4747 722 4804 leniusin
733 4747 864 4803 medullas
873 4749 1027 4820 perlapsum
1037 4759 1089 4816 est,
1143 4757 1225 4817 homo
1236 4767 1345 4816 unctus
1359 4760 1431 4816 ridell
1443 4762 1570 4819 musone
1582 4764 1723 4820 meruisses
1734 4764 1836 4835 aliquid
1856 4764 1934 4820 nobis

298 4838 773 4895 erasitinmnrenalnmiticw.
788 4838 1091 4897 Benedixitanimtmes
1143 4848 1324 4922 deScripturs
1334 4854 1933 4928 mnnasnhtraherszetnimiamjmsaltoi

298 4924 452 4997 bominum,
462 4937 488 4982 et
498 4929 588 4983 omnnio
601 4929 641 5001 (dl
652 4929 777 4984 interiore
790 4945 848 4984 mea
864 4945 958 4985 norunt
970 4940 1090 4987 sanctam
1141 4940 1255 4997 verbum
1268 4942 1463 5000 mulectionens
1475 4947 1626 5018 prophetici
1638 4948 1716 5018 panis
1730 4950 1864 5021 impleret,
1876 4950 1934 5006 len-

338 5067 476 5124 aetutem.
497 5069 540 5124 lt.
578 5067 678 5126 stal.
692 5086 770 5141 evus,
786 5071 830 5126 ts.
870 5073 1119 5144 eluhan.sm,ll.
1166 5079 1416 5150 ‘llatthssstll
1456 5081 1670 5151 ⁸Psal.s,l0.
1710 5084 1869 5144 lesaten—
1906 5087 1931 5141 l.

299 5149 313 5188 e
333 5137 402 5194 osan
419 5152 490 5207 xciv,
504 5139 531 5193 s.
569 5136 584 5178 e
602 5139 691 5196 noeis.
707 5132 773 5208 1‚t.
814 5145 823 5181 ι
844 5141 942 5200 sices.
955 5161 991 5213 iv,
1003 5145 1031 5201 s.
1070 5148 1169 5207 ium.
1182 5167 1226 5218 ev,
1241 5152 1286 5209 no.
1324 5152 1338 5191 ι
1358 5152 1431 5208 nn.
1444 5168 1533 5219 exso,
1548 5151 1575 5210 a,
1875 5129 1884 5156 ’

336 5293 374 5363 =c)
386 5289 436 5345 ils.
451 5289 542 5375 Viciu,
553 5293 723 5377 conclusiin.
739 5295 789 5354 hls.
805 5296 886 5368 Reg,
900 5280 1088 5359 contristanda
1177 5306 1214 5376 (el
1233 5304 1283 5389 lle.
1308 5307 1400 5377 lien,
1433 5319 1584 5366 senatorum
1606 5328 1758 5382 poenosas
1785 5316 1848 5388 {asti
1869 5315 1877 5329 ‘

333 5365 370 5456 pop
386 5360 434 5415 bls.
448 5360 547 5427 vatic,
560 5364 698 5435 reliquens.
1141 5377 1222 5432 male.
1236 5376 1304 5432 Vnde
1318 5379 1398 5502 epist.
1413 5378 1448 5435 sn
1462 5380 1492 5435 S.
1508 5380 1642 5438 Ambrosii
1655 5384 1688 5438 ad
1702 5383 1828 5440 Sabinum
1840 5331 1932 5439 w

334 5438 359 5484 tc
385 5429 422 5484 lta
437 5445 487 5485 ms.
501 5429 578 5487 lien.
590 5433 687 5488 codes.
704 5434 766 5501 hill,
782 5435 859 5492 lutor.
1141 5447 1246 5500 natoria
1268 5445 1333 5501 Paul
1346 5449 1373 5502 ni
1394 5447 1533 5517 dignitate,
1548 5449 1659 5508 liierun.
1675 5468 1718 5523 ep.
1736 5454 1770 5510 lb
1789 5453 1822 5507 ad
1837 5451 1931 5506 Pauli·

334 5468 373 5571 ld)
386 5501 424 5554 lta
438 5500 526 5556 versio
540 5500 615 5585 Lxx·
626 5505 811 5574 interpretum,
828 5509 953 5578 psalteria
969 5520 1045 5566 vetus
1061 5522 1089 5567 ct
1141 5528 1215 5578 num,
1238 5524 1265 5569 et
1285 5531 1328 5586 ep.
1350 5518 1367 5571 3
1384 5517 1418 5572 ad
1438 5519 1559 5574 Geruntii
1574 5519 1650 5586 lilius,
1665 5538 1770 5580 amnon
1783 5522 1932 5578 Ausonium

298 5568 458 5638 Rnnmnum,
469 5570 668 5640 crsugnsnnns
678 5575 705 5629 in
719 5581 914 5636 corrinrentarlo
926 5597 1007 5650 supcr·
1017 5583 1089 5643 psal·
1141 5586 1220 5653 epist.
1235 5583 1271 5637 25
1284 5585 1317 5640 ad
1332 5583 1481 5642 Paulinum.
1666 5593 1671 5602 ‘

297 5652 366 5693 unus.
1179 5654 1212 5724 ll)
1226 5652 1265 5709 lta
1278 5671 1342 5713 mss.
1358 5655 1425 5726 Reg.
1440 5666 1469 5713 et
1481 5656 1558 5714 lieu.
1574 5657 1656 5724 Elin,
1671 5662 1836 5733 captiuitatis.
