4034 6184
206 316 262 376 sss
680 317 997 376 connsnrsnmnuu
1016 290 1360 379 neumasensium
1774 321 1827 378 sm

72 474 81 495 ,
206 427 258 483 llic
272 427 337 497 justi
349 441 464 498 proavus
474 426 531 485 Noe
543 427 594 485 sula
604 437 725 499 tempora
738 430 816 498 cujus
1003 436 1028 495 Α
1042 431 1080 488 Tc
1090 441 1233 490 numerent
1242 436 1332 507 populi
1346 444 1408 508 post
1417 436 1475 495 lutee
1484 438 1530 509 qui
1540 448 1662 511 tempora
1670 439 1770 495 nvem.

206 514 300 572 iniecit
313 523 399 572 totum
412 515 507 573 studiis
517 516 695 574 concordibus
705 518 797 572 orlrcm
1041 521 1535 595 Quadratisiqiturtrabilmseontexta
1551 537 1660 600 paretur

205 604 290 677 Culpa
303 605 439 676 nequens,
453 608 578 680 vitiisque
592 623 706 680 sequeus
717 609 837 679 adjunxit
847 608 926 664 avitis
1040 611 1110 668 drea
1124 613 1180 679 tibi,
1191 615 1288 670 cubitis
1297 615 1344 672 sed
1357 630 1418 687 quae
1430 619 1465 675 ait
1477 617 1557 688 longa
1571 619 1707 680 tremulis,

204 693 353 751 Posteritas
366 695 460 752 sitium
475 713 482 751 ι
494 705 660 768 quapropter
671 697 745 752 mille
755 712 804 768 per
817 712 913 765 annos,
1040 699 1107 756 Lata
1117 700 1299 772 quaterdenis,
1313 702 1398 760 denos
1410 720 1510 778 snper:
1521 721 1584 762 aera
1598 707 1626 762 in
1637 707 1721 763 altum

205 782 260 838 Aut
268 797 353 853 prope
365 783 482 854 majores
493 799 555 842 cum
568 785 659 841 risere
672 786 883 849 consuevissent,
1040 786 1169 846 Terdenia
1182 804 1305 859 surgam,
1319 792 1428 849 cubitali
1437 802 1533 849 ornata
1546 794 1674 850 fenestra.

204 870 245 929 lie
255 874 376 943 perversi
389 874 528 932 hominum
541 889 633 931 mores
645 875 829 933 crescentibus
842 874 920 932 antris
1039 877 1177 949 insupera
1191 879 1258 934 isera
1272 888 1389 949 pouatnr
1399 880 1482 952 janua
1494 893 1581 954 parte.

204 965 384 1035 Anqmeurum
398 966 559 1036 acciperent,
572 967 643 1022 vitiis
653 974 684 1022 ut
696 968 825 1022 terminus
835 974 917 1033 esset,
1040 967 1117 1024 Tunc
1129 967 1244 1024 calidum
1256 968 1346 1025 bibula
1358 972 1462 1041 spirans
1470 987 1600 1045 compage
1613 974 1733 1030 bitumen

206 1056 324 1113 llauima
351 1058 405 1114 uita
422 1057 561 1114 hominum
581 1057 667 1125 lustra
688 1057 723 1114 ad
742 1057 865 1114 duodena
881 1057 989 1113 redacta
1040 1056 1180 1129 Exploret,
1189 1066 1286 1115 tenues
1294 1066 1324 1115 et
1333 1061 1431 1115 vestiat
1440 1062 1556 1132 undmne
1565 1064 1656 1130 umas,

889 1149 954 1221 [ast.
1039 1146 1161 1220 Cumque
1170 1149 1266 1220 triplex
1279 1152 1395 1222 spatium
1404 1151 1562 1210 discreverit
1574 1169 1637 1209 area
1646 1152 1753 1226 duplex,

240 1240 360 1310 lianmue
371 1238 546 1308 Cainiqennm
559 1253 621 1296 cum
634 1253 665 1296 se
679 1237 822 1309 conjuncta
837 1237 956 1309 profanis
1040 1241 1086 1300 Sic
1095 1243 1283 1300 discernantur
1294 1245 1410 1316 propriis
1423 1246 1567 1302 animantia
1578 1247 1655 1311 nidis,
1754 1295 1758 1305 ,

204 1332 363 1388 &meamet
374 1331 499 1387 thelame
512 1331 540 1387 iu
550 1332 628 1402 pejus
639 1346 723 1402 prona
734 1330 881 1401 inventus,
1045 1334 1086 1393 lie
1096 1336 1197 1393 violent
1209 1337 1342 1408 permixta
1355 1351 1451 1408 penus,
1462 1338 1657 1409 commissaque
1666 1344 1795 1409 pugnent.

204 1422 236 1478 ln
245 1422 348 1478 narium
357 1420 470 1487 lacinus,
483 1421 616 1493 Superum
629 1422 737 1478 deserta
751 1421 854 1490 lavore,
1039 1424 1262 1497 conmudantque
1272 1427 1358 1496 mbos,
1372 1440 1486 1496 quornm
1497 1435 1525 1483 te
1535 1426 1654 1483 condere
1663 1441 1713 1498 par
1723 1434 1766 1482 est

205 1513 324 1580 Prosilit,
336 1512 417 1583 ioque
430 1527 525 1569 omues
534 1512 619 1569 currit
630 1512 773 1570 temeraria
783 1511 884 1581 lapsus.
1039 1515 1155 1573 'lantum
1169 1516 1328 1573 materiem:
1343 1532 1405 1572 uam
1419 1516 1573 1588 depensata
1587 1516 1705 1586 receptis

204 1602 273 1659 'lun
288 1602 359 1658 Deus
372 1616 469 1658 armso
482 1609 537 1656 tam
550 1601 634 1658 multa
646 1601 681 1658 ob
695 1602 806 1657 crimina
820 1601 920 1657 mundo
1009 1647 1011 1650 a
1039 1604 1079 1662 lie
1090 1606 1171 1671 desii,
1183 1614 1311 1678 prestare
1324 1621 1414 1664 meum
1424 1615 1476 1663 est.
1490 1605 1553 1663 lime
1568 1614 1660 1664 mente
1672 1604 1742 1661 lideli

204 1691 351 1748 Corrlestim
363 1689 492 1758 iniensns,
507 1705 588 1746 voces
600 1690 754 1761 erumpitis
769 1691 834 1745 istas
846 1707 854 1742 z
1040 1693 1098 1750 lioe
1107 1695 1262 1766 concipiens
1276 1695 1395 1766 (mosum
1408 1695 1466 1767 ipse
1478 1695 1650 1765 amniumque
1663 1694 1823 1759 ministrans,

204 1783 377 1852 Nequaquam
391 1781 509 1852 posthaec
517 1781 634 1836 humana
645 1781 672 1834 iu
686 1788 765 1850 gente
776 1778 895 1845 manebit
1004 1784 1117 1852 niclle
1130 1794 1159 1842 et
1167 1800 1249 1857 posse
1262 1785 1344 1842 debat
1356 1785 1467 1853 iarnulo,
1482 1784 1663 1856 quodcunque
1674 1783 1796 1854 iubebat)

204 1871 321 1942 Spiritus
332 1870 475 1934 illemeus,
489 1869 767 1942 vitamnecproieret
776 1869 866 1926 ultra:
1040 1875 1147 1933 smum
1159 1892 1228 1948 opus
1241 1876 1513 1948 aggreditur,an
1527 1885 1698 1948 praeserere
1710 1874 1792 1933 silvas

205 1963 304 2020 Visere
316 1962 677 2020 limeuosdeciescontenta
689 1975 739 2033 per
751 1975 837 2017 annos
1041 1967 1586 2042 incipiens‚atqueanuosasproseindere
1599 1981 1726 2038 quercus,

205 2053 684 2124 tinuooemtominun2quontam
696 2061 804 2109 terrena
816 2052 902 2108 secuti
1040 2059 1191 2116 Admittunt
1201 2060 1256 2117 loci
1266 2059 1365 2127 radios.
1377 2060 1532 2130 umbrisque
1542 2058 1645 2115 lerator

205 2143 270 2199 Plus
278 2145 367 2201 earnis
378 2158 458 2215 qnam
472 2143 570 2200 ruentis
581 2143 691 2199 habeut.
707 2141 826 2212 sicergo
838 2156 933 2199 seuera
1040 2147 1165 2219 Campus,
1180 2157 1210 2206 et
1221 2164 1340 2220 mqumvo
1352 2149 1504 2221 spoliantur
1516 2147 1616 2205 miore
1625 2146 1720 2202 valles.

205 2233 267 2290 AEvi
277 2234 416 2291 coustituit
427 2242 535 2304 tempus
544 2232 679 2289 sententia
692 2240 797 2287 certum
1040 2237 1094 2295 Sed
1107 2254 1170 2295 cum
1184 2247 1238 2294 tam
1250 2238 1335 2295 multo
1347 2238 1426 2295 tuerit
1436 2244 1580 2309 properata
1593 2236 1687 2292 labore

205 2321 306 2377 luditis
316 2321 428 2387 immid
440 2322 526 2389 ¹⁰¹¹iiae
537 2335 571 2375 ¹¹0
583 2329 705 2391 ‘emim
718 2319 780 2374 Vim
1040 2331 1151 2386 Summa
1161 2330 1250 2402 operis
1263 2329 1356 2402 ccepti,
1367 2336 1478 2386 eentum
1489 2326 1611 2384 differtur
1619 2327 1646 2382 in
1659 2340 1755 2390 annm,

206 2410 332 2467 Criminis
343 2410 457 2479 augendi
467 2425 574 2466 eausam
587 2419 715 2480 praestare
726 2409 857 2463 ualerent.
1043 2420 1079 2478 ua
1090 2422 1161 2478 hona
1174 2422 1228 2478 vita
1241 2436 1366 2492 aequem,
1376 2422 1439 2476 ritae
1448 2420 1544 2478 delicta
1556 2420 1654 2492 prioris

206 2498 312 2568 mapali
325 2498 389 2568 quid
399 2499 471 2554 enim
481 2496 538 2569 iam
549 2513 603 2554 non
613 2496 726 2553 auderet
735 2497 819 2567 iniqui
1041 2510 1185 2581 Emendet,
1199 2517 1338 2581 mntetque
1347 2509 1419 2568 leros
1432 2525 1499 2580 qens
1508 2509 1591 2581 impia
1602 2522 1702 2566 mores.

206 2596 290 2669 impia
303 2610 368 2667 qens
380 2595 538 2652 hominurn?
552 2609 614 2650 nam
627 2606 724 2663 magna
737 2592 810 2648 mole
820 2591 956 2661 rigantes,
1041 2599 1065 2656 0
1078 2601 1177 2668 miseri,
1192 2617 1262 2672 quoe
1273 2607 1328 2658 mn
1336 2600 1416 2672 pusm
1426 2599 1519 2656 dilatio
1532 2613 1619 2671 poenae

207 2683 327 2742 ”min
339 2684 474 2742 Miletida
485 2684 634 2753 hminum,
648 2683 725 2739 '²¹5⁰
738 2681 772 2738 (¹0
784 2680 888 2740 “misse
900 2679 968 2756 ”²²¹5
1042 2687 1107 2746 Plus
1117 2690 1181 2746 lacit
1189 2706 1250 2747 csse
1259 2705 1322 2747 reos
1335 2708 1343 2745 ε
1355 2691 1470 2760 neclan
1484 2703 1534 2760 pro
1545 2687 1656 2744 crimine
1667 2694 1770 2742 mutum

88 2840 90 2843 ,
207 2776 250 2831 Nil
263 2791 318 2831 ⁰⁰¹¹
329 2774 463 2831 wilellmi
472 2815 481 2842 ι
491 2775 552 2846 (1⁰1³
563 2789 616 2829 ⁰¹¹²
629 2781 657 2829 0¹
667 2773 783 2829 m²¹5¹¹¹²
793 2772 878 2828 Vim
1043 2778 1194 2850 emerim,
1207 2788 1236 2836 at
1245 2780 1324 2852 lonqc
1338 2780 1445 2850 grauius
1455 2779 1607 2851 plectentur
1617 2777 1653 2833 ol
1663 2772 1750 2846 ipsum

207 2865 267 2922 uon
279 2864 337 2923 iore
349 2864 382 2921 ao
397 2872 547 2921 oxomum
560 2879 668 2935 pravos,
682 2878 751 2935 quos
764 2862 822 2919 dira
832 2861 917 2918 reios
1043 2868 1183 2942 Temporis
1191 2867 1286 2925 unuln
1298 2868 1422 2939 spanum,
1436 2869 1597 2938 venamque
1609 2866 1759 2937 repletam
1774 2882 1782 2921 z

206 2957 314 3014 Crimen
325 2957 353 3015 io
367 2971 448 3015 omne
461 2956 586 3024 ualens,
609 2955 696 3013 nullas
716 2955 775 3012 sine
793 2955 923 3027 sauguine
941 2969 993 3013 uo·
1042 2958 1111 3017 cum
1124 2967 1269 3016 testaretur
1279 2973 1309 3015 se
1321 2971 1434 3029 parcere
1442 2953 1524 3013 malle
1537 2956 1663 3019 reuersis.

879 3044 958 3117 [cles
1044 3046 1178 3119 Tearpore
1190 3046 1274 3104 dilato
1288 3046 1426 3103 Dominus.
1441 3043 1501 3102 lam
1515 3045 1587 3101 mole
1598 3051 1720 3116 peracta,

210 3138 333 3197 Autaine
344 3137 418 3196 made
427 3137 485 3195 dies
497 3152 615 3210 uuquam
624 3137 737 3194 ductare
748 3136 873 3193 sinebat:
1004 3135 1167 3198 Cllaclrina
1176 3137 1444 3211 constabatlatarum
1457 3132 1706 3207 eompaqecapaci

208 3229 383 3286 immemores
394 3228 462 3299 luris
475 3227 567 3295 divini,
582 3228 774 3300 hominumque
786 3226 893 3299 suique,
1043 3226 1186 3301 illiluqium
1200 3226 1274 3299 quod
1282 3241 1438 3298 supremum
1450 3234 1529 3297 pater
1541 3224 1600 3296 lpse
1609 3229 1716 3295 pararat

207 3317 378 3389 adeousque
389 3318 438 3388 pii,
450 3326 630 3391 matrumque,
644 3326 805 3390 patrumque
815 3332 936 3386 morum,
1044 3318 1193 3392 Naufragiis
1206 3319 1380 3387 naturatum,
1394 3317 1550 3390 rapidisque
1563 3315 1681 3372 fluentis.

208 3407 386 3479 sudorisque
395 3407 460 3465 liei:
473 3416 630 3479 mutumque
644 3408 672 3463 in
684 3408 797 3465 crimina
808 3422 912 3488 summa
1079 3408 1150 3466 Turn
1159 3409 1255 3466 lleuse
1268 3406 1342 3465 celso
1355 3406 1486 3464 famulum
1500 3406 1625 3476 dignatus
1635 3403 1755 3477 olympo,

208 3496 367 3555 Prooessum
379 3506 431 3566 est,
446 3497 571 3555 homines
581 3498 724 3554 Dominum
734 3504 765 3552 ut
774 3497 903 3554 lormasse
916 3497 993 3568 pige·
1043 3498 1119 3555 liooe
1130 3506 1224 3555 mouet
1232 3496 1290 3555 lioe
1303 3511 1437 3554 sommum
1446 3497 1502 3565 iam
1518 3502 1624 3565 tempus
1636 3492 1743 3558 adesse,

895 3587 958 3657 iret,
1043 3586 1342 3654 doudereaelatelrris‚
1357 3587 1765 3652 natoscumuuoretuurusqoe

211 3677 246 3734 lit
256 3678 473 3749 perrersaetiam
485 3678 556 3735 Deus
564 3678 600 3735 ob
613 3685 724 3750 peecata
737 3684 895 3747 noeentum,
1043 3676 1156 3748 Eripere
1168 3676 1278 3733 lustand
1290 3675 1386 3743 exitio,
1397 3673 1546 3743 mortisque
1556 3670 1686 3737 tenebris,

207 3766 334 3825 Criminis
345 3776 470 3840 expertos
482 3768 597 3838 animas,
607 3768 770 3826 convolvere
782 3767 875 3836 vellet,
1044 3766 1202 3837 Cunctaque
1214 3763 1332 3820 vidicis
1341 3761 1466 3818 animalia
1478 3760 1591 3816 reddere
1604 3758 1729 3821 claustris
1742 3775 1750 3814 a

208 3857 297 3928 Atque
309 3858 728 3930 superluslsterraaimmerqere
740 3859 867 3932 lymphis,
1043 3858 1237 3916 Sireeaterra
1247 3853 1331 3923 louet,
1344 3868 1394 3911 seu
1404 3851 1494 3909 clarus
1503 3851 1618 3908 sustinet
1630 3865 1699 3918 aer;

209 3948 311 4005 llmsus
321 3949 350 4005 in
360 3951 497 4020 antiquam
510 3948 611 4008 mundo
620 3948 749 4029 redeunte
759 3949 881 4022 dquram.
1044 3947 1155 4019 Singula
1167 3944 1318 4003 demendis
1330 3953 1453 4016 septena,
1467 3950 1497 4000 et
1509 3940 1614 4012 nequis
1626 3940 1690 3997 bina

247 4037 320 4094 Unus
328 4044 388 4095 erat
401 4036 458 4095 Noe
467 4037 566 4108 iustus,
580 4053 662 4110 qoem
675 4048 787 4110 propter
799 4039 826 4094 iu
840 4038 894 4094 iras
1043 4038 1084 4095 Ex
1096 4039 1129 4095 iis
1138 4051 1199 4109 qnae
1210 4035 1294 4093 saeris
1305 4036 1393 4092 rninus
1403 4042 1476 4106 apta,
1490 4032 1627 4090 mmmm
1641 4037 1780 4099 vocantur,
1865 4084 1870 4091 .

208 4127 333 4186 lllllerret
344 4128 454 4201 prodire
465 4128 716 4200 lleuszqnemvita
729 4128 816 4185 ildelis
1044 4130 1101 4187 lieo
1110 4143 1187 4186 mora
1197 4125 1238 4195 dt,
1250 4124 1379 4197 quidquid
1389 4138 1512 4182 munero
1525 4120 1712 4180 cardlneeoeli

208 4221 268 4277 iam
279 4236 330 4292 per
341 4223 502 4292 rprluqeutos
511 4220 657 4277 immunem
669 4220 789 4277 oriminis
801 4232 888 4275 annos
1044 4220 1178 4286 Nascitur,
1189 4218 1309 4289 lquotum
1320 4216 1432 4273 dirersis
1440 4213 1561 4287 partibus
1570 4211 1656 4280 orba,

208 4311 637 4381 Duxeratetsaustadeqentem
651 4311 752 4381 inleqe
765 4311 904 4382 probarat.
1044 4309 1123 4377 Quod
1133 4317 1225 4381 stupet
1233 4307 1398 4379 Eumquod
1408 4306 1523 4381 pallidus
1535 4303 1744 4373 dommim,

206 4405 413 4463 duisicsaaeta
428 4403 499 4460 Dens
511 4403 633 4475 pandens
645 4418 743 4459 areana
759 4402 871 4459 revelat
1045 4400 1176 4458 Australis
1190 4397 1567 4473 didymealidisqnodnntrit
1578 4395 1680 4466 arenis,

206 4495 322 4566 iamque
334 4494 475 4553 lominum
484 4494 557 4550 uitiis
567 4490 695 4549 iniectam
707 4492 829 4563 turpibus
840 4507 948 4550 onmem
1005 4490 1034 4552 Ι)
1046 4490 1152 4549 scindit
1164 4489 1353 4564 Hyperboreas
1366 4489 1435 4543 miro
1447 4486 1519 4557 quod
1531 4485 1633 4542 lumine
1644 4493 1748 4555 nomes,

207 4582 483 4641 Aeracumterrisin
496 4582 631 4639 deteriora
645 4581 759 4652 relapsis
1046 4578 1168 4636 Festinat
1180 4576 1319 4649 trepidans
1330 4583 1359 4633 et
1367 4582 1467 4646 aperte
1481 4573 1649 4644 immergitur
1661 4588 1742 4641 arm,

207 4672 316 4742 Elaeus,
329 4680 357 4728 et
370 4672 473 4728 tumido
485 4670 572 4727 nisum
582 4677 625 4728 est
638 4670 811 4740 submergere
823 4677 927 4741 ponto:
1045 4673 1179 4731 ottonum
1193 4672 1267 4729 dicas
1277 4670 1334 4742 lam
1345 4667 1528 4741 praesensisse,
1539 4667 1651 4737 umque

208 4761 242 4816 Et
253 4759 318 4818 dum
330 4769 427 4817 eructa
439 4774 521 4816 ruens
530 4760 629 4830 operit,
643 4759 788 4831 iussusque
799 4760 892 4818 residit
1047 4763 1158 4821 ductori
1171 4778 1267 4835 parere
1280 4776 1341 4830 sno,
1354 4767 1382 4816 et
1394 4759 1510 4832 pecudes
1523 4759 1629 4816 ratione
1641 4765 1766 4815 ementes

206 4852 317 4923 Gurgite
329 4851 470 4923 precipio,
485 4851 617 4924 pollutum
628 4852 712 4908 diluat
725 4852 831 4920 ornem,
1046 4854 1111 4912 Plus
1122 4869 1202 4924 quam
1214 4852 1398 4925 imprudentes
1411 4851 1534 4908 homiues
1546 4850 1653 4907 ratione
1664 4850 1767 4919 valere,

206 4940 407 5013 implicitosque
424 4941 561 5011 honines,
584 4948 612 4999 et
629 4941 760 5015 quidquid
779 4929 873 5000 vivere
889 4942 994 5014 iussum
1045 4941 1082 4998 Et
1093 4942 1117 4999 si
1130 4942 1168 4998 nil
1181 4943 1298 5012 sapiunt
1313 4940 1386 5011 Ergo
1398 4940 1473 4998 omni
1483 4940 1586 4996 semine
1597 4939 1661 4996 rite

907 5035 960 5108 [cst
1046 5031 1412 5106 Prmqraridamntprimum
1425 5028 1823 5101 claudilleusimperataream

205 5126 293 5184 Causa
306 5127 456 5194 domiuum,
470 5124 556 5182 indati
568 5126 712 5183 convolent
723 5125 785 5183 labe
798 5124 933 5196 profundi.
1024 5189 1027 5195 ,
1045 5124 1106 5183 Nox
1118 5123 1182 5191 nuit,
1195 5130 1224 5179 et
1237 5123 1333 5180 subitae
1346 5121 1445 5179 mum
1461 5120 1599 5179 obduxere
1613 5120 1741 5186 tenebre,

206 5215 262 5275 Sed
270 5216 334 5286 quia
347 5224 377 5273 tu
389 5217 463 5274 solus
474 5216 519 5273 cui
531 5216 605 5273 cordi
616 5223 708 5271 nostra
718 5215 854 5286 noluntas,
1045 5217 1191 5289 unumque
1202 5214 1303 5273 cadens
1314 5210 1402 5271 lerras
1414 5213 1477 5271 ierit
1489 5228 1553 5271 aere
1563 5212 1682 5279 nimbus,

206 5306 339 5363 Mantum
352 5306 453 5362 sanctis
461 5302 559 5360 doreti
570 5302 675 5372 legions
683 5318 783 5373 evuin,
1044 5305 1167 5374 dtinuit,
1180 5311 1210 5361 et
1223 5310 1281 5360 toto
1294 5303 1396 5375 pariter
1408 5300 1518 5360 desaevit
1530 5302 1559 5358 iu
1571 5301 1648 5357 orbe.
1733 5374 1737 5383 Ι

206 5388 344 5453 Perrersis
356 5409 464 5466 semper
476 5400 541 5467 voto
554 5391 666 5447 meliore
679 5405 851 5462 repugnans:
1045 5396 1102 5453 lice
1114 5396 1181 5453 satis
1194 5393 1298 5451 excidio
1308 5401 1351 5451 est
1363 5394 1409 5465 qni
1424 5393 1538 5450 nubibus
1550 5389 1635 5447 ediuit
1648 5389 1743 5452 imiter,

205 5484 251 5542 Sic
262 5484 433 5543 decretorum
443 5481 604 5541 moderabor
613 5479 674 5552 jura
684 5496 817 5550 meorum,
1047 5486 1170 5556 Anaiquae
1183 5482 1526 5554 laxanturaque,1'umqne
1539 5479 1747 5548 aclhereaperto

206 5581 241 5640 tir
255 5585 320 5641 milri
334 5599 395 5641 enm
406 5582 492 5654 justas
502 5581 584 5638 luerit
595 5594 661 5653 qens
672 5579 753 5663 impia
767 5595 872 5651 poenas,
1045 5576 1074 5633 ln
1089 5577 1172 5634 nubea
1185 5591 1284 5633 vacuas
1297 5574 1393 5632 coelum
1405 5573 1481 5644 pluit,
1496 5577 1525 5626 et
1535 5576 1654 5624 reserata
1740 5592 1743 5598 ·
1758 5584 1762 5595 ’

205 5669 382 5744 Purpntmque
394 5670 469 5728 orbis
487 5668 564 5727 imees
576 5687 584 5723 ι
597 5677 654 5723 tum
663 5667 768 5737 dignius
779 5681 795 5722 a
806 5677 834 5722 te
1046 5666 1145 5725 Delluit
1158 5668 1184 5723 in
1199 5667 1320 5738 lymphas
1331 5662 1445 5719 mundns
1456 5658 1573 5718 omlestis
1583 5660 1692 5731 abysse

206 5762 319 5835 incipiat
330 5762 445 5821 mortale
458 5776 554 5834 qenes,
566 5774 751 5826 summumque
763 5767 903 5828 parentem
1046 5759 1134 5828 noque
1146 5772 1232 5816 nonos
1243 5754 1338 5831 pandit
1351 5752 1448 5816 lomes,
1462 5748 1629 5807 tenentibus
1640 5762 1744 5820 mooe.
