4034 6184
162 310 210 367 eui
281 297 283 301 ’
649 317 751 374 norm
771 317 816 374 ur
834 315 1115 376 asseruerimus
1132 318 1324 376 rimonuu.
1738 336 1794 394 ιω

161 429 240 483 nacti
258 436 375 495 utantur,
387 443 419 482 ea
432 443 483 484 uuo
495 429 575 484 tutare
593 430 748 505 dependens.
763 429 865 487 Eadem
878 436 950 488 dicta
967 442 988 499 ,n
1002 439 1102 500 emeat,
1112 432 1248 491 referente
1265 433 1324 505 ipso
1334 432 1465 505 Gregorio
1476 434 1503 492 lu
1517 438 1640 496 encomio
1654 441 1791 501 llacrime.

161 508 190 552 et
208 515 283 570 pera.
297 496 495 554 Cassianuslib.
510 514 539 562 ii,
554 514 613 569 cap.
628 500 656 565 8,
667 501 701 556 de
712 500 843 557 institutis
856 518 951 558 coerio·
1002 500 1050 558 Sic
1062 510 1091 559 et
1103 517 1217 572 magnus
1226 506 1366 560 confessor
1376 506 1538 562 cruciculam
1547 507 1575 564 S.
1589 524 1669 567 cruce
1679 513 1792 586 insigni·
1813 506 1816 513 ’

160 566 283 649 bioruin:
297 566 407 622 Ultimus
421 576 459 623 est
472 569 666 624 babituseorum
678 570 752 639 peltis
762 588 793 624 aa
828 571 879 633 na,
893 589 951 643 quie
1003 579 1060 626 tam
1073 572 1108 627 de
1121 575 1192 627 collo
1203 574 1392 644 suspendebat,
1408 577 1447 630 uti
1459 576 1573 632 liabetur
1587 580 1633 633 lib.
1649 596 1746 654 n,eap.
1762 582 1780 639 tt

161 636 262 692 metetis
282 638 321 691 oet
343 653 407 708 pera
429 639 576 708 appellatur
597 646 623 693 et
646 637 759 695 buculus.
776 588 833 695 iiii
847 639 950 697 Fronto
1002 639 1071 696 Vitae
1084 639 1143 711 ejus
1175 658 1206 698 er
1219 642 1390 698 'l'beodorum
1408 647 1735 708 ereiuitamdiosreruus.
1780 624 1789 652 ³

160 716 256 788 noster
265 704 393 788 Dircaeus,
407 714 482 762 toruo
494 707 569 790 l,·in
583 709 813 781 Chrysostomum.
828 723 888 791 pag.
904 711 948 779 le,
1037 710 1099 767 Not.
1114 660 1176 766 iti.
1197 711 1299 767 liteine
1312 730 1480 795 myoparone.
1491 717 1607 773 -ente
1622 729 1716 776 crater
1729 739 1789 779 sene

160 783 313 846 suspicatur
323 775 495 832 scribendum
510 778 647 848 daptittiera
661 793 710 848 pro
723 796 803 850 ματα,
818 795 882 849 quia
896 779 949 836 Se·
1001 796 1058 835 ntea
1071 797 1179 852 parone.
1194 779 1310 836 Jacobus
1320 781 1453 837 Billrusll.
1469 786 1513 854 0.,
1528 785 1574 841 titi.
1588 802 1607 853 i,
1618 803 1678 859 cap.
1693 791 1720 856 o,
1735 791 1789 850 (lii-

160 861 291 902 iomenus
310 845 345 901 de
364 844 474 917 AEgypti
494 848 633 902 monacbis
652 847 756 903 liabet:
783 853 853 922 arpii
872 873 898 906 ei
921 851 949 909 tt
1000 851 1181 906 servationem
1200 865 1346 915 sacrarum,
1367 850 1508 908 atiuturam
1532 855 1595 912 liuie
1615 857 1676 915 loco
1700 860 1788 919 lucem

160 917 337 988 ἀμφιέννυσθαι
351 920 418 996 reri
450 920 626 988 turan‘iiliuu
640 871 949 976 caesariensium
998 918 1154 984 arbitratur,
1170 920 1191 975 si
1207 920 1245 974 sic
1261 920 1390 989 legamus,
1404 932 1430 974 et
1447 923 1504 977 siae
1523 941 1682 997 myoparone
1695 932 1789 1000 pirati-

159 985 307 1056 cuempiam
317 984 427 1040 EtreT
472 984 532 1041 lite
545 987 693 1056 retribuere
707 987 856 1061 induebant.
871 990 949 1044 illar-
999 989 1098 1043 camin
1113 1000 1282 1059 terraapem,
1298 989 1545 1060 etc.,additque,in
1562 994 1788 1070 iiisulisllnpell‘e

159 1056 210 1110 dus
219 1069 284 1110 vero
293 1055 403 1111 Gaiacus
413 1064 553 1111 accuratus
563 1055 682 1114 Cassiani
693 1066 890 1116 commentator
899 1074 948 1129 pro
1000 1059 1105 1126 ricinis,
1120 1060 1299 1127 omnibusque
1308 1056 1361 1112 illis
1371 1059 1426 1113 oris
1435 1063 1576 1119 maritimis
1589 1067 1680 1135 vigere
1692 1070 1784 1126 crude·

159 1124 445 1206 peraosubstltuendum
455 1134 547 1181 censet
559 1125 768 1198 penula.llerum
783 1142 843 1182 cum
856 1144 948 1184 rursus
998 1126 1053 1181 lem
1075 1127 1308 1191 consuetudinem,
1323 1136 1352 1181 ut
1369 1128 1392 1182 si
1410 1132 1517 1197 grauior
1531 1142 1583 1191 tem
1603 1145 1676 1193 estas
1690 1154 1785 1196 navem

159 1193 312 1258 Cassianus,
324 1194 469 1251 collatione
483 1194 527 1263 ll,
540 1211 601 1264 cap.
621 1194 648 1260 5,
671 1211 763 1265 peram
783 1204 811 1251 et
823 1198 946 1254 baculum
998 1198 1116 1266 aliquam
1139 1198 1166 1252 in
1190 1198 1266 1251 littus
1278 1198 1396 1262 e'ecerit,
1422 1199 1565 1269 nuutiagos
1586 1150 1702 1261 inscium
1724 1208 1786 1265 loco

158 1262 272 1389 iungat,
287 1264 396 1334 Sumpta
416 1266 502 1336 itaque
516 1264 607 1320 incute
628 1273 654 1319 et
674 1282 757 1336 perer
777 1274 805 1321 et
820 1266 945 1332 isidorus,
998 1265 1114 1319 babeant
1127 1266 1145 1322 ii
1158 1266 1193 1321 ud
1204 1267 1290 1336 quosi
1302 1267 1327 1321 la
1341 1266 1429 1321 delata
1441 1278 1490 1333 est,
1505 1280 1533 1324 et
1546 1274 1635 1328 omnia
1645 1275 1786 1334 sociemini

169 1334 206 1389 ib.
218 1349 264 1390 sir
277 1331 426 1401 Originum,
436 1348 497 1403 cap.
507 1332 554 1400 il,
565 1335 665 1390 diserte
677 1337 758 1406 925
772 1335 881 1402 babeat,
894 1336 948 1392 lte·
997 1334 1134 1404 diripiant,
1168 1334 1351 1391 uaessuctuum
1376 1336 1465 1392 rabies
1482 1339 1534 1395 illis
1555 1342 1737 1413 dereliquerit
1753 1347 1786 1404 Et

121 1423 125 1429 ·
159 1405 233 1470 tows,
244 1405 389 1475 qureetiam
397 1420 461 1473 pera
473 1413 587 1469 uocatum,
599 1411 627 1460 ct
641 1405 677 1459 ita
690 1405 863 1460 uetustissimi
879 1422 945 1461 mss.
997 1403 1049 1458 boc
1061 1403 1105 1473 jus
1116 1351 1270 1461 mciiioribus
1283 1405 1381 1460 seculis
1406 1416 1564 1476 usurpatum
1587 1410 1670 1468 tuisse
1684 1415 1745 1470 colli
1766 1419 1786 1473 it

158 1473 220 1530 iibri
235 1481 291 1527 tum
305 1471 425 1528 Cassiani
444 1480 500 1527 tuni
515 1471 609 1529 lsiilori
629 1473 790 1543 praeierant,
808 1476 946 1530 retinenda
997 1488 1031 1527 ei
1045 1474 1098 1529 lioc
1117 1473 1177 1529 loeo
1192 1474 1375 1544 procuratoris
1389 1471 1573 1534 Postliumiaui
1594 1485 1739 1541 senatoris.

159 1543 595 1624 rideturpermquiameluteloco
640 1546 945 1613 raequoqueserriebat.
997 1542 1115 1598 editione
1129 1542 1284 1613 appendicis
1304 1542 1478 1600 Bibliothecae
1499 1544 1608 1604 Petrum
1627 1563 1786 1613 annotatum

158 1611 322 1668 Glossarium
340 1610 581 1668 camberonense:
604 1558 718 1680 ileelota,
739 1614 830 1667 tenuta
844 1624 869 1667 et
882 1631 946 1686 pera
996 1619 1055 1665 erat
1068 1614 1117 1667 sub
1132 1614 1211 1667 linem
1225 1612 1304 1681 buius
1327 1612 1448 1683 epistole
1469 1613 1592 1672 Paulini:
1607 1619 1712 1690 ileliae,
1727 1626 1785 1680 sine

158 1690 273 1738 tacetur.
286 1681 334 1736 Est
343 1690 429 1735 mem
439 1682 512 1752 peltis
525 1683 736 1752 caprinaacotto
747 1683 946 1756 perdemusque
995 1697 1163 1751 myoparone.
1177 1681 1325 1737 Errantem
1339 1697 1468 1752 myoparo
1488 1688 1586 1757 navigii
1619 1705 1696 1758 enus,
1723 1691 1786 1750 Gel-

158 1752 193 1806 nd
206 1750 306 1807 uncins
318 1753 469 1821 precinctu,
480 1751 576 1807 Mirum
589 1753 653 1821 quid
665 1752 717 1807 alia
730 1751 864 1808 Glossaria
878 1770 942 1810 mss.
997 1749 1049 1803 iius
1064 1751 1110 1805 lib.
1126 1766 1152 1814 x,
1165 1766 1225 1822 cap.
1236 1749 1307 1817 25;a
1318 1751 1411 1820 piratis
1423 1753 1463 1808 sit:
1478 1754 1586 1822 dictum,
1601 1700 1699 1815 isidor.
1710 1761 1784 1834 orig.

157 1829 313 1890 suggerunt.
337 1819 501 1877 Glossarium
526 1820 792 1879 Glarumarescanum
813 1839 820 1875 :
849 1823 946 1878 lietera
963 1806 1045 1873 Blib.
1061 1835 1116 1885 xix,
1136 1835 1197 1892 cup.
1215 1820 1241 1884 l;
1257 1822 1299 1875 rel
1313 1836 1328 1874 a
1341 1820 1409 1876 Paro
1421 1821 1518 1887 insula,
1534 1823 1784 1900 toreumatibus,

157 1893 236 1946 restis
252 1900 292 1945 est
309 1890 341 1945 de
354 1891 416 1963 pilis
438 1891 603 1945 camelmum.
619 1890 705 1946 dietus
719 1892 818 1946 arrimut
830 1893 948 1963 quod'est
998 1903 1058 1959 cap.
1072 1888 1084 1942 i
1099 1889 1225 1958 Adsere,
1244 1890 1291 1960 qui
1314 1890 1352 1944 ait
1373 1906 1552 1962 myoparones
1574 1897 1702 1966 piraticos
1724 1918 1786 1959 essa

158 1973 245 2023 taxas,
260 1963 333 2030 cujas
345 1961 419 2032 petiis
433 1961 536 2014 metlota
546 1961 654 2016 dicitur.¹
664 1959 828 2017 Glossarium
842 1961 947 2018 Stame-
998 1957 1116 2026 leinbos;
1132 1969 1158 2015 et
1177 1960 1278 2016 Neuius
1288 1959 1448 2027 Marcellus:
1465 1961 1592 2034 lipaparo
1611 1977 1650 2020 est
1667 1971 1786 2028 naucula

158 2031 211 2087 ibit
224 2049 230 2083 ι
247 2028 330 2085 ilelos
340 2047 420 2101 penus
434 2030 531 2096 bestie,
542 2031 611 2085 unde
621 2031 726 2088 melotes
739 2032 839 2102 antiqui
853 2031 947 2087 Patren
997 2028 1151 2099 piratarum.
1163 2027 1201 2084 lta
1212 2028 1314 2086 Gallica
1326 2039 1417 2085 nostra
1431 2031 1561 2090 dialectos
1574 2036 1729 2106 expeditum
1740 2057 1786 2098 na·

158 2098 300 2173 [ancient.
318 2100 481 2155 Rosremoe
998 2097 1061 2166 rigii
1075 2099 1210 2167 quoddam
1233 2113 1317 2167 geum
1336 2098 1522 2171 tripentinum,
1546 2106 1623 2173 quasi
1641 2108 1786 2177 piraticum

193 2169 256 2224 Not.
269 2169 332 2224 eut.
351 2169 474 2223 Xeniurn.
484 2200 521 2211 -
530 2168 686 2225 Franciscus
699 2168 816 2236 iuratus,
828 2172 899 2227 notis
913 2172 948 2228 ad
999 2167 1117 2222 letnbnm
1130 2209 1137 2235 ,
1152 2177 1241 2225 vocat.

158 2236 256 2294 librum
268 2256 276 2294 ι
289 2238 392 2293 Paulini
402 2239 436 2294 ilc
448 2238 507 2293 Vita
516 2239 545 2293 S.
555 2239 742 2307 liartiui,legit
754 2249 782 2293 ut
794 2245 947 2310 encoertium,
1012 2234 1079 2317 ,1811
1103 2254 1167 2294 tero
1185 2239 1230 2309 qni
1250 2255 1293 2295 res
1317 2240 1505 2322 naufragorum
1534 2242 1684 2315 diripiunt,
1708 2248 1784 2318 pitit-

157 2318 267 2365 secutus
281 2308 391 2377 vestigia
404 2307 528 2363 Badianm
542 2308 677 2372 editionis,
694 2309 721 2363 in
734 2323 787 2377 qun
798 2314 946 2367 esurium,
999 2312 1080 2360 ticam
1091 2315 1227 2370 exercent,
1240 2306 1303 2364 licet
1316 2311 1342 2365 in
1356 2326 1424 2366 mari
1438 2309 1526 2367 lembo
1539 2315 1610 2368 recti
1623 2330 1678 2371 uon
1690 2331 1786 2386 vilssell·

158 2377 223 2433 Vult
235 2385 327 2434 auteur
336 2379 446 2432 memini
462 2378 689 2434 nominciudicari
703 2378 775 2433 bunc
787 2394 880 2434 senem
902 2383 947 2451 qui
1000 2383 1054 2430 lut·
1068 2374 1194 2445 Cnincinn
1206 2382 1288 2450 326
1307 2380 1334 2435 iii
1353 2381 1399 2437 lib.
1413 2396 1422 2435 i
1438 2380 1499 2436 cod.
1523 2380 1677 2454 iustiuiam,
1691 2388 1734 2443 tit·
1749 2388 1785 2451 6:

158 2461 280 2574 paganus
298 2456 360 2502 ante
379 2447 478 2516 iuerat)
503 2463 574 2504 nuno
597 2456 720 2504 recenter
740 2456 863 2503 renatum
887 2453 948 2507 linei
1000 2442 1053 2499 lies
1064 2445 1122 2516 fisci
1135 2456 1174 2501 est
1194 2445 1345 2522 ubicumque
1365 2460 1448 2505 namt.
1463 2449 1492 2505 ln
1506 2453 1599 2522 niiglia
1613 2470 1732 2526 quoquc,
1745 2456 1786 2514 Si.

171 2519 328 2585 'ennianae
343 2526 372 2572 et
386 2516 441 2572 [len
461 2518 623 2572 dedicatum.
638 2517 692 2572 Sed
709 2518 816 2572 eentum
835 2522 948 2589 probum
1000 2515 1060 2569 cilia
1075 2524 1102 2570 et
1112 2514 1202 2583 ltalia,
1219 2517 1252 2571 ad
1268 2518 1359 2575 liscum
1373 2520 1509 2590 pertinere
1523 2520 1649 2580 dicuntur
1664 2540 1708 2582 res
1721 2543 1787 2584 uari·

156 2589 224 2643 mibi
238 2588 353 2651 ridetur,
368 2602 419 2656 pro
429 2602 483 2655 quo
492 2587 593 2642 librarii
603 2589 749 2658 sepissime
758 2588 875 2643 exenium
886 2591 951 2645 seri·
998 2581 1145 2652 fregerunt·
1171 2586 1319 2657 imperator
1345 2588 1510 2656 Antoninus,
1537 2592 1584 2647 lili.
1608 2608 1627 2658 t,
1653 2596 1787 2655 mitiorem

155 2659 269 2714 benerit.
287 2655 352 2712 Vide
364 2671 425 2725 quac
439 2659 529 2712 notari
544 2658 571 2711 iri
587 2655 653 2712 litis
673 2655 784 2711 Patrem
803 2659 836 2712 ad
861 2659 949 2716 Vitam
999 2651 1085 2723 lenem
1100 2655 1126 2708 in
1141 2658 1285 2726 nauliagus
1304 2659 1411 2715 saricit:
1428 2659 1574 2731 Siquando
1589 2666 1728 2737 naupraqio
1739 2684 1787 2723 aa·

156 2727 188 2784 S.
210 2728 330 2795 Antonii,
345 2734 374 2781 et
387 2726 485 2781 ibidem
499 2728 526 2782 iu
540 2726 722 2782 Onomastico.
738 2724 782 2781 Uti
796 2727 840 2783 liic
853 2727 947 2785 Victor
999 2723 1152 2795 mannire
1160 2727 1237 2797 [uerit
1247 2727 1281 2781 ad
1291 2728 1372 2791 littus,
1383 2728 1418 2783 ad
1429 2728 1548 2785 dominos
1558 2732 1699 2801 pertineat,·
1708 2737 1788 2807 fiscus

156 2798 186 2855 in
204 2799 313 2853 xenium
334 2796 459 2859 mittitur,
473 2797 509 2851 ita
523 2796 754 2852 Cliristusdicitur
768 2813 783 2852 a
797 2795 905 2855 liutsind
922 2801 948 2854 iu
999 2809 1071 2847 mens
1084 2810 1175 2848 witon
1189 2797 1347 2867 interponat.
1360 2795 1515 2863 Quadorum
1528 2801 1746 2874 justebetpiscits
1759 2809 1788 2862 iri

156 2866 284 2940 symbolo
294 2867 446 2921 alternatim
461 2864 548 2922 Pilato
563 2865 715 2936 lleroiiique
728 2866 755 2921 in
771 2870 877 2923 scnium
888 2870 951 2926 mis·
999 2862 1087 2916 “iim
1101 2864 1258 2932 cssitmiissier
1275 2877 1304 2921 ti
1322 2868 1354 2922 de
1372 2884 1400 2923 re
1414 2877 1468 2921 tam
1482 2868 1597 2924 initum
1610 2877 1788 2943 compendium

155 2953 225 2994 sus:
245 2935 319 2990 Vetat
331 2935 549 2991 reconciliationis
572 2952 627 2991 sace
646 2936 763 3001 ueniunt,
782 2937 882 3008 justum
899 2938 949 2995 sibi
1000 2934 1129 2988 sectetur?
1142 2942 1170 2989 et
1181 2934 1228 2989 lib.
1243 2953 1276 2989 v:
1294 2935 1325 2992 Si
1336 2938 1470 3009 quisquam
1483 2937 1516 2991 de
1530 2937 1668 2995 subiaersis
1682 2946 1789 3001 mutter

156 3008 269 3063 iareicem
282 3007 417 3061 mittebant
437 3004 536 3061 iesum.
557 3005 634 3073 Quod
649 3007 791 3074 liguratum
803 3008 860 3062 vult
873 3006 949 3064 osee
1000 3001 1100 3084 aliquid
1112 3004 1236 3074 &dirim
1255 3006 1392 3077 detepr'tur,
1409 3005 1504 3077 index,
1518 3011 1730 3131 efficientibus
1748 3014 1788 3071 iris
1825 3008 1826 3012 ’

156 3094 194 3144 x,
232 3079 270 3131 u:
299 3083 343 3131 ital
356 3079 432 3132 αὐτὸν
448 3080 484 3137 ric
506 3079 658 3151 ‘nesapium
672 3076 794 3136 δήσαντας
807 3081 949 3153 irtmrpm
1000 3088 1043 3142 qur
1056 3072 1196 3141 nudantur,
1211 3077 1354 3130 mulctandi
1366 3084 1392 3129 et
1425 3074 1537 3130 rescribe
1574 3078 1690 3134 iiadeat
1700 3094 1789 3152 pera.

155 3150 226 3214 ξένια
245 3155 283 3221 τῷ
302 3148 404 3219 maini
421 3148 533 3219 ἰααίμς
547 3147 620 3217 quod
640 3147 740 3201 verrii:
758 3144 792 3198 Et
809 3147 949 3219 utttpmtes
1001 3149 1090 3195 iurem.
1113 3141 1217 3199 Rttrsm
1237 3144 1263 3198 in
1282 3146 1375 3201 codice
1419 3146 1541 3210 nendos,
1566 3146 1613 3202 lib.
1628 3164 1684 3216 ¹¹¹¹,
1701 3152 1743 3207 tit.
1759 3151 1788 3220 8.

156 3218 324 3272 adduxerum
337 3232 395 3271 eum
406 3218 512 3271 mitum
525 3217 581 3288 repi
596 3214 695 3280 larinr,·
711 3215 755 3271 ubi
769 3216 892 3286 vulgatus
901 3219 951 3273 hn-
1002 3209 1205 3269 Valentinianus
1212 3213 1306 3284 imper.
1317 3233 1323 3268 :
1334 3214 1365 3270 st
1375 3216 1430 3286 quis
1442 3215 1615 3272 aumentarias
1625 3223 1789 3294 nastraqiimr

156 3288 225 3344 bet:
241 3285 374 3359 Siquidem
392 3296 417 3341 et
438 3288 494 3357 ipse
511 3287 612 3342 delatus
625 3294 665 3340 est
677 3301 769 3340 tironus
782 3288 838 3358 reqr‘
859 3288 949 3344 ultori.
1001 3282 1192 3337 &instituisse
1205 3284 1326 3354 affirmat,
1340 3286 1480 3356 prouinciis
1499 3285 1615 3356 iudicem
1633 3289 1708 3345 adire
1718 3294 1790 3363 lesti-

156 3357 325 3415 stosvfflug,
1001 3360 1055 3415 net,
1079 3367 1110 3405 ac
1131 3351 1220 3414 probet
1232 3354 1302 3424 apud
1314 3370 1372 3408 eum
1393 3352 1498 3411 testibus
1511 3365 1637 3413 euentum.
1652 3358 1682 3415 tn
1697 3362 1792 3419 codtca

194 3426 256 3483 net.
272 3425 336 3481 208.
357 3423 517 3499 Quamquam
530 3434 556 3480 et
569 3424 646 3482 altior
659 3432 684 3479 et
695 3424 890 3482 iticinteiiectus
900 3427 950 3481 ita·
1001 3419 1119 3490 (10110110
1131 3421 1293 3479 “inficiatio
1313 3438 1405 3494 regum
1426 3433 1590 3492 1108110101οι
1606 3429 1653 3484 111)-
1669 3446 1714 3497 ¹1,
1728 3446 1790 3503 cap.

156 3495 374 3552 lentum-Nou
391 3497 525 3551 ininmrite
538 3497 599 3565 quis
612 3496 725 3559 dubitet,
741 3511 804 3549 num
817 3507 898 3566 proet
909 3497 951 3552 liic
1001 3488 1048 3559 11,
1059 3498 1112 3545 nri·
1134 3492 1162 3556 6,
1183 3494 1337 3548 decernitur
1363 3503 1393 3549 ut
1406 3495 1428 3550 si
1443 3496 1514 3549 intra
1536 3511 1635 3553 annum
1657 3509 1793 3559 mercator

155 3566 331 3625 scribendum
340 3567 376 3620 sit
384 3567 491 3632 cinicus,
502 3574 530 3619 ut
541 3566 671 3633 intelligat
682 3579 789 3619 sensum
802 3567 949 3632 moraleur;
1001 3574 1046 3614 res
1060 3557 1198 3632 ttauiragio
1211 3563 1323 3619 ambsas
1332 3564 1480 3633 repetierit,
1494 3573 1617 3686 surnqtus
1627 3574 1730 3624 tautum
1743 3585 1791 3627 re·

155 3653 223 3697 nam
234 3651 298 3691 mox
311 3636 433 3705 sequitur
452 3636 485 3691 de
503 3652 579 3689 sensu
598 3634 739 3689 recaredum
763 3635 885 3689 litterum.
906 3635 952 3692 sic
1001 3626 1096 3684 tundat
1123 3645 1192 3700 quos
1211 3632 1256 3687 alii
1270 3630 1383 3687 iecerint
1402 3647 1463 3688 cum
1483 3649 1528 3689 rcs
1550 3635 1610 3690 itas
1623 3650 1639 3691 e
1651 3638 1791 3711 naufragio

156 3706 232 3778 apud
247 3705 438 3777 Hieronymum
449 3706 528 3775 epist.
541 3704 602 3771 tbi,
613 3713 707 3774 quaest.
726 3704 777 3758 in:
792 3704 894 3759 Psutms'
907 3706 951 3778 qui
1001 3699 1148 3769 eriperenm
1163 3707 1192 3756 et
1204 3701 1298 3757 multis
1311 3702 1391 3757 curin
1399 3717 1532 3771 supreme
1544 3701 1704 3763 Perisiensis
1715 3723 1791 3766 sena

156 3776 254 3832 titteris
267 3784 456 3847 prenotaritur,
471 3792 517 3847 per
530 3775 614 3829 ethica
627 3790 674 3829 nos
694 3772 789 3827 ducunt
803 3774 838 3828 ad
850 3776 951 3831 streeto-
1002 3770 1176 3826 tusconsultis
1189 3768 1287 3825 iurtum
1296 3768 1449 3825 declaratur
1461 3772 1578 3841 direptio
1591 3774 1790 3847 naulrugormn,

156 3848 231 3920 pica,
240 3854 265 3900 et
279 3845 311 3899 ai
321 3845 452 3900 elementis
466 3845 606 3900 occidentis
616 3845 717 3908 littere,
732 3860 790 3915 quie
799 3845 950 3914 destruitur,
1001 3838 1079 3908 cnjus
1093 3839 1173 3893 enam
1185 3839 1364 3908 jurisdictioni
1378 3839 1491 3913 liupciia
1504 3843 1636 3901 elvioiirar
1649 3845 1687 3901 nn
1696 3848 1791 3906 umidas

157 3917 276 3971 transire
290 3916 388 3985 [amant
401 3914 436 3968 ad
448 3915 567 3986 spiritum
577 3915 757 3984 rioipicuntem.
771 3913 817 3970 sic
826 3930 906 3985 supra
917 3918 952 3971 ad
1001 3917 1064 3963 Sillii
1075 3908 1211 3976 8011100158·
1224 3907 1292 3965 Dllc·

157 3986 304 4056 epistolam
327 3983 345 4037 9
367 3986 459 4040 monui
482 3985 634 4041 felicissime
652 3982 763 4038 Sidonia
778 3998 794 4038 a
808 3984 950 4041 sirmondo
1037 3977 1146 4059 Variam
1167 3978 1357 4061 dcunaulragis
1378 3995 1429 4051 pro
1450 3980 1580 4055 cuiusque
1594 3984 1682 4055 gentis
1700 3983 1791 4045 niduli

157 4064 256 4111 nostro
271 4053 518 4110 restitutumettiica
550 4070 580 4110 ro
593 4054 679 4109 ettiic.
696 4052 861 4108 llosremos.
1001 4055 1165 4102 sententiam
1187 4050 1286 4105 videsis
1308 4049 1380 4120 apud
1405 4051 1590 4109 doctissimum
1624 4054 1791 4115 inmercum

197 4124 260 4180 Nnc.
286 4124 348 4179 209,
375 4123 416 4178 be
436 4125 501 4195 ipsis
527 4070 591 4178 ineis
617 4124 738 4194 ediquem
760 4124 898 4195 puluerem.
915 4156 953 4168 -
1004 4115 1226 4173 lindebrandum
1238 4117 1376 4176 Glossario
1391 4122 1424 4176 ati
1438 4122 1559 4179 codicelli
1573 4125 1662 4196 legum
1672 4126 1791 4198 autiqua-

157 4194 322 4250 'i'beodorus
345 4192 464 4249 Studites
492 4194 519 4249 in
543 4194 700 4264 Dogmatico
724 4192 759 4247 de
783 4192 953 4250 Honorandis
1001 4202 1071 4242 rum.
1087 4186 1251 4246 Rosvnlnns·

158 4265 334 4334 imaginibus,
347 4272 420 4318 temo
434 4263 467 4318 lll
481 4263 653 4319 Bibliothecae
672 4261 721 4317 88.
737 4261 865 4318 Petrum:
882 4262 952 4319 Loca
1291 4257 1326 4314 IN
1343 4258 1452 4316 urisr.
1472 4259 1503 4316 le

159 4336 187 4389 iu
198 4334 292 4406 quibus
304 4343 379 4388 natus
397 4341 435 4388 est
449 4332 576 4399 turtum,
591 4342 682 4387 sancto
700 4340 770 4396 sunt,
783 4342 809 4386 et
833 4333 951 4388 debenda
1037 4324 1099 4381 Nol·
1110 4326 1172 4381 212·
1194 4326 1314 4383 Sntnrttti
1332 4343 1393 4384 sunt
1409 4332 1528 4401 porcina.
1539 4330 1670 4400 -Quam
1684 4332 1729 4390 iiic
1741 4333 1782 4392 riri

159 4405 322 4459 sermationi
334 4420 342 4457 :
357 4412 382 4457 et
396 4405 419 4457 si
432 4403 489 4474 quis
499 4404 571 4457 illine
581 4402 709 4473 acceperit
718 4403 771 4456 sice
781 4403 950 4471 potentatum
1021 4400 1099 4453 licem
1121 4397 1266 4454 lectionem
1295 4398 1373 4454 alieri
1393 4398 1520 4456 Paulinus
1538 4417 1572 4457 es
1592 4403 1696 4473 psalmo
1726 4420 1792 4471 xri,

160 4491 207 4530 seu
220 4474 344 4544 lapidem,
365 4483 422 4527 eum
445 4472 558 4527 adornat
576 4481 652 4544 atque
670 4470 858 4542 complectitur,
874 4474 949 4544 quasi
1002 4416 1055 4524 ii:
1072 4466 1261 4525 Saturatisuut
1275 4467 1394 4537 porrina,
1409 4470 1450 4524 rel
1475 4474 1516 4542 (ut
1527 4472 1579 4526 alia
1602 4471 1730 4529 Psalteria
1744 4474 1792 4529 lia·

224 4544 317 4597 liorem
331 4543 476 4597 tnesaurum
496 4551 540 4597 out
562 4559 651 4597 sacras
674 4541 800 4610 quasdam
818 4542 949 4615 reliquias.
967 4539 990 4596 0
1003 4539 1079 4605 beuti
1091 4537 1203 4592 saturati
1214 4548 1273 4591 eant
1281 4538 1355 4608 filiis,
1370 4539 1429 4607 ejus
1439 4541 1576 4610 varietatis
1588 4543 1720 4611 originem
1732 4558 1793 4615 ape·

172 4614 329 4669 tesnerias.
1004 4610 1040 4663 rit
1053 4607 1216 4676 Augustinus
1224 4605 1400 4664 Enarratioue
1412 4612 1439 4663 iu
1449 4623 1511 4663 enm
1525 4610 1655 4679 psalmum
1668 4630 1675 4666 ι
1686 4612 1793 4669 Erant·

197 4682 262 4737 Not.
272 4681 336 4738 uio.
358 4680 396 4736 ne
406 4683 461 4753 ipso
481 4683 564 4737 crucis
577 4682 647 4753 tique
658 4697 757 4736 mutere
769 4690 793 4734 et
802 4680 896 4735 trabere
910 4681 954 4735 be·
1004 4678 1089 4750 iique,
1105 4679 1200 4746 inquit,
1215 4675 1305 4732 Greco
1318 4678 1496 4749 interpretatio
1509 4680 1605 4750 duplex
1614 4683 1707 4737 euenit.
1723 4683 1794 4741 Vere

159 4754 275 4808 ardictio
295 4752 596 4808 em-lteiiedicitonls
618 4761 645 4806 ct
666 4768 709 4806 nia
730 4752 871 4806 niliccutim
891 4752 953 4807 luce
1003 4749 1076 4804 enim
1103 4749 1174 4817 apud
1196 4744 1305 4802 Grecos
1319 4747 1383 4802 oliui
1407 4748 1506 4816 duplex
1532 4750 1644 4820 scriptio
1664 4753 1724 4808 luit.
1739 4753 1794 4810 nni

159 4822 406 4877 aestimabantolim
420 4822 469 4876 riri
485 4838 517 4877 ac
531 4822 658 4877 mulieres
683 4766 727 4876 rei
739 4822 877 4876 minimam
888 4821 953 4889 ligni
1003 4820 1077 4874 enim
1097 4817 1220 4885 legebam
1241 4820 1317 4880 ὺιῶι,
1339 4816 1421 4873 idest
1442 4818 1514 4888 filiis,
1529 4820 1573 4874 alii
1586 4830 1638 4875 eun
1650 4822 1694 4876 rel
1707 4825 1793 4890 ὑιὸων,

160 4893 252 4948 crucis
265 4891 422 4961 particulam
440 4893 535 4948 ecollo
549 4900 668 4962 gestasse
686 4890 892 4961 chrysostomus
903 4890 955 4946 lle-
1003 4887 1031 4944 id
1052 4894 1093 4942 cst
1109 4885 1196 4957 percis
1219 4886 1262 4941 rel
1280 4888 1404 4958 porcinis,
1430 4886 1470 4943 uti
1493 4890 1576 4944 etiam
1604 4899 1717 4948 testatur
1739 4893 1793 4951 liu·

160 4962 360 5017 monstratione
369 4969 463 5017 contra
477 4963 589 5031 gentiles
600 4960 676 5025 Quod
690 4959 949 5017 claramnium:
1005 4958 1032 5012 th
1054 4958 1131 5010 iuius.
1416 4973 1420 4979 ⁴

159 5035 228 5087 adri
239 5030 266 5087 ii
281 5034 311 5085 τὸ
324 5033 396 5096 ξύλον
411 5035 504 5094 ἐκεῖνο.
525 5031 582 5088 ἔνθα
597 5037 626 5088 τὸ
641 5032 712 5102 ἅγιοι
729 5032 892 5102 triduanae
909 5035 951 5087 καὶ
1036 4974 1186 5106 iitrumque
1195 5026 1312 5096 explicat
1322 5026 1483 5094 lliigitstinus
1494 5042 1589 5097 supra:
1602 5028 1721 5085 Saturati'
1733 5042 1793 5086 saint

160 5101 796 5180 &sustentatamiarrnrprpizurcainuam
809 5102 949 5174 reinceptis
1001 5098 1119 5167 porcino,
1136 5094 1164 5147 nl
1182 5104 1229 5159 est,
1243 5096 1420 5161 immunditia,
1435 5100 1616 5153 conculcantes
1635 5102 1793 5171 nturqari'tas

159 5193 187 5228 τι
205 5172 373 5242 inpiissime
386 5174 410 5236 ἐξ
423 5174 513 5226 ἐκείνου
528 5175 625 5237 πολλοι,
636 5176 677 5226 aeri
689 5179 784 5244 χαυσῷ
797 5170 950 5227 maurision-
1000 5181 1147 5221 sermonum
1159 5162 1217 5218 Dei.
1229 5164 1367 5221 Scliolmm
1376 5162 1499 5221 Graecum
1516 5166 1586 5221 LXX
1601 5169 1792 5239 interpretibus

162 5246 266 5301 aserai
278 5239 547 5316 ἅνδρεςααὲγυναῖκις
557 5250 606 5297 τῶν
617 5262 666 5315 spa
689 5229 753 5300 niun
761 5244 887 5323 ijupre'iai
899 5248 950 5296 τῶν
1001 5236 1124 5291 hocloco
1136 5234 1170 5301 ,nti
1180 5248 1273 5289 rocem
1285 5237 1345 5298 ὑῶν,
1357 5251 1526 5318 porcarium
1546 5239 1661 5307 positum
1675 5253 1708 5293 ex
1729 5238 1792 5293 beai

160 5313 260 5366 ἑαυτῶν
271 5314 489 5381 ααλλωπιζόμιιιοι.
503 5309 593 5379 ipsum
603 5263 784 5382 erqoiipnnm,
797 5328 824 5365 ιιι
835 5328 884 5383 qua
900 5326 949 5379 po·
1000 5310 1057 5362 dari
1082 5312 1127 5362 ταῦ
1154 5306 1325 5380 ἀκαθαρτὶας.
1349 5321 1398 5375 pro
1419 5254 1595 5373 rrnmuatiitia,
1617 5306 1688 5361 aliud
1710 5254 1792 5361 iiubel

159 5383 240 5435 sitam
252 5390 370 5435 sanctum
382 5397 474 5452 corpus
488 5379 611 5447 Domine,
624 5389 649 5433 et
670 5381 834 5450 cruciptcum,
853 5396 933 5452 quare
1000 5376 1161 5450 παρανομίας
1172 5374 1198 5428 id
1211 5383 1261 5440 est,
1278 5375 1433 5446 iniquitatis.
1449 5372 1608 5432 Psaltcrium
1620 5388 1727 5444 quoquc
1740 5373 1792 5430 iio·

160 5466 226 5505 narn
246 5448 338 5503 trabere
356 5459 422 5504 totus
442 5450 510 5505 eriis
531 5451 568 5503 itu
589 5450 729 5513 contrudit,
745 5460 773 5504 ut
786 5451 829 5523 qui
840 5465 948 5519 paruum
1000 5461 1110 5501 manum
1123 5444 1257 5515 porciiium
1269 5443 1359 5509 babet,
1372 5446 1411 5498 nti
1422 5453 1450 5501 et
1459 5445 1592 5502 Ariiobius
1606 5452 1634 5497 cl
1647 5443 1792 5500 Cassiodo-

159 5518 286 5593 quiddam
303 5535 336 5574 ec
354 5520 400 5574 iiio
414 5520 520 5586 liabent,
534 5520 582 5573 trac
595 5536 657 5574 auro
670 5519 804 5573 includant
824 5529 877 5573 tant
900 5518 948 5571 riri
1000 5530 1057 5581 rus,
1071 5515 1117 5585 qui
1131 5512 1212 5569 atiani
1230 5513 1265 5569 dc
1280 5513 1446 5570 immunditie
1459 5516 1678 5584 interpretantur.
1692 5512 1791 5570 iliero-

217 5605 240 5642 ιιι
255 5587 390 5649 mlieres,
406 5598 430 5643 et
444 5587 580 5644 ceruicibus
598 5590 651 5643 suis
671 5598 775 5656 aptant,
797 5589 856 5643 binc
874 5587 948 5642 ualde
1002 5600 1107 5655 nynrus,
1123 5584 1165 5638 vel
1179 5584 1301 5653 quisquis
1315 5600 1348 5641 eo
1368 5586 1503 5655 posterior
1515 5583 1693 5638 concinnator
1706 5581 1791 5639 Gom-

181 5659 293 5712 onestati
306 5669 330 5711 et
342 5660 483 5728 mapnitici,
500 5661 589 5711 niurriii
599 5667 623 5712 et
634 5658 750 5724 protecti.
771 5657 816 5713 Sic
828 5656 947 5711 biaeriua
1000 5655 1141 5709 iiicutarioi
1150 5670 1192 5707 um
1205 5655 1231 5708 iii
1243 5655 1361 5722 psaimos
1375 5669 1427 5722 ess,
1440 5666 1580 5720 utrumque
1594 5649 1791 5708 Grrccumiliud

163 5726 379 5795 rirg0,Gregorii
391 5728 503 5797 Nysseni
513 5744 600 5787 soror,
619 5729 733 5781 lerrcum
748 5728 947 5793 crucissignum
1000 5725 1131 5780 sclieliimi
1148 5724 1251 5778 ridetur
1265 5726 1328 5777 olim
1344 5724 1439 5790 legisse
1456 5740 1463 5774 ι
1480 5721 1542 5774 Nam
1557 5721 1614 5775 ait:
1630 5720 1793 5778 Dimiserunl

162 5807 193 5853 et
208 5797 334 5851 aimulmu
348 5800 479 5867 particula
498 5797 527 5852 8.
541 5798 629 5854 crucis
645 5796 777 5851 munitum
790 5810 806 5853 c
820 5796 890 5853 collo
901 5810 947 5866 gc·
1001 5795 1134 5865 reliquias,
1159 5793 1351 5846 irunirunditiam
1373 5802 1398 5845 et
1421 5792 1590 5862 iniquitatem,
1611 5795 1793 5851 connilcanter
