4034 6184
160 266 232 328 rost
711 252 757 319 ou
776 256 854 321 lile
869 263 896 324 S.
906 252 1048 323 utulltt
1068 260 1133 321 ltu.
1159 260 1203 321 ΙΙΙ.
1713 258 1783 323 {ddi

156 378 264 451 signari
277 374 386 444 indicio,
399 387 492 437 euram
504 391 536 435 se
548 378 671 450 amenus
682 391 792 434 omnem
963 372 1136 441 Alnfensum
1148 375 1226 434 factis
1240 376 1378 436 hominem
1392 376 1552 437 facientibus
1561 381 1688 452 aequum

155 467 319 527 smcmmn
331 483 486 526 numerasse
498 482 618 539 gregem,
632 468 679 538 qui
691 467 798 523 clauom
812 466 877 522 ouili
1036 463 1085 522 llfe
1099 466 1274 537 altiorique
1286 481 1401 538 serpeus
1417 469 1535 527 distenta
1547 484 1653 527 ueneno

155 559 306 617 Temneltat
317 560 438 619 rabidam
456 560 628 618 frendentum
641 559 682 617 *ad
695 561 811 618 damna
824 559 948 631 luporum
999 553 1059 611 Non
1072 555 1132 612 hec
1144 555 1292 615 demiseris
1305 558 1408 615 lomim
1418 561 1552 616 sententia
1566 560 1666 618 Christi
1680 570 1741 618 ert:

156 651 243 720 Quem
255 651 320 724 uigil
332 659 435 710 aetertm
450 651 517 721 Regi
532 650 662 708 ldartiuus
671 650 771 708 aleuas.
999 645 1051 714 Qui
1061 647 1085 703 si
1099 647 1169 715 duim
1183 649 1291 722 culpam
1300 651 1384 722 uidet,
1398 653 1490 724 adjicit
1504 654 1583 721 iram.

157 743 283 799 Attamen
297 750 407 813 accepta
420 741 564 813 quemdam
574 742 699 799 mercede
709 739 862 814 profectum
999 735 1133 809 Tempora
1145 754 1201 796 non
1213 748 1335 799 statuens
1346 742 1450 815 culpa,
1463 745 1516 801 nisi
1530 754 1653 817 tempora
1664 758 1760 815 norm,

157 830 194 889 Ut
205 832 328 905 plarutm
337 830 621 904 adrectisproirilleret
630 830 728 902 frigora
742 831 833 901 lignis.
1000 829 1040 885 lte
1050 837 1178 886 marreaut
1187 840 1300 901 peccata
1314 849 1437 901 monens,
1454 836 1529 893 delta
1548 839 1706 904 remittens,

156 922 226 981 liuic
238 936 355 996 propere
367 925 485 982 accurrit
498 923 640 994 llartiuus,
653 923 775 996 pmcipit
785 923 860 980 illum
1000 918 1073 977 lifts
1088 922 1602 999 preteritissisitcorreptioprmsens,

156 1013 226 1074 rm
238 1014 343 1072 melum
356 1015 495 1073 monachis
505 1014 549 1072 uei
558 1030 608 1087 per
617 1015 779 1071 commercia
789 1014 889 1071 lactum
1000 1009 1131 1069 Errantes
1141 1028 1284 1081 mucuns,
1298 1019 1432 1075 revocatis
1450 1020 1563 1077 crimina
1574 1022 1689 1089 donans,

155 1103 279 1164 Confessi
290 1106 394 1163 insidiis
406 1106 519 1164 credens
530 1106 648 1179 patuisse
657 1103 780 1162 naono.
1001 1102 1139 1162 Perversis
1149 1107 1266 1177 patiens,
1281 1107 1414 1175 elenrens,
1430 1110 1604 1183 placidusque
1614 1113 1743 1177 musteis,

156 1197 213 1256 Nec
225 1212 302 1256 mura
312 1198 378 1271 quin
389 1213 509 1271 presens
518 1198 576 1269 lam
587 1198 742 1268 conjectura
756 1197 899 1269 probetur,
1000 1192 1062 1250 Vita
1075 1193 1224 1260 hominum.
1236 1212 1312 1253 mors
1323 1198 1475 1269 culparum,
1490 1201 1635 1259 miserator
1645 1212 1760 1274 utroque

155 1289 324 1347 seminecem
333 1288 848 1360 egressinonlongealimineeemunt
1001 1282 1117 1341 Exitium
1131 1286 1245 1344 sceleris
1258 1302 1354 1347 causas
1365 1289 1443 1360 jubet
1455 1305 1516 1348 csse
1529 1291 1635 1349 salutis

156 1380 291 1439 Extremae
302 1380 438 1438 mantem
447 1382 574 1439 miserum
588 1381 736 1453 spiramina
745 1381 817 1437 sitaer
1036 1374 1092 1432 Nec
1101 1376 1273 1448 desperarem
1288 1379 1644 1456 luensuomrateprobato

157 1472 205 1531 llle
216 1481 304 1530 tamen
318 1471 394 1530 letho
406 1472 562 1543 languentia
574 1471 677 1528 lumina
690 1470 800 1528 soluens
1001 1464 1079 1533 Quou
1092 1469 1215 1537 quamuis
1227 1463 1336 1526 vineant
1349 1481 1462 1530 eunome
1475 1480 1521 1530 tua
1535 1475 1648 1532 mnino
1663 1488 1750 1534 nouas

156 1563 392 1633 vulingumen
405 1563 518 1635 preciso
530 1576 669 1619 murmure
680 1562 778 1633 linguar
1001 1555 1030 1612 Si
1041 1559 1186 1615 commissa
1199 1559 1245 1615 diu
1258 1561 1346 1617 saltim
1361 1563 1404 1618 vel
1417 1578 1480 1620 sero
1490 1563 1600 1622 doleres
1703 1598 1707 1613 ·

157 1652 276 1711 lttraxit
290 1661 399 1712 tenuem
408 1653 516 1725 glaciali
528 1669 545 1709 a
559 1661 670 1724 pectore
683 1668 789 1721 rocem,
1001 1645 1080 1714 Quod
1093 1657 1121 1705 te
1131 1649 1166 1705 de
1175 1651 1272 1707 mediis
1284 1660 1394 1724 raperet
1407 1654 1550 1711 clementia
1563 1655 1690 1715 damme

155 1745 283 1803 Vulneris
294 1760 433 1817 exponens
442 1759 549 1803 musas:
561 1759 624 1801 nam
637 1743 708 1801 forte
715 1743 861 1816 juvencum
965 1735 1024 1811 ΒΟ
1037 1736 1101 1793 felir
1114 1739 1211 1810 pietas,
1225 1748 1330 1797 tautum
1340 1743 1477 1801 confidere
1490 1759 1654 1817 quemquam

157 1838 226 1895 Dum
238 1837 358 1896 resolui&
371 1837 453 1895 aretis
466 1837 634 1909 stringuntur
646 1835 754 1893 vincula
764 1834 831 1893 logi,
1001 1826 1041 1883 De
1054 1827 1159 1884 Domini
1172 1829 1293 1887 bonitale
1302 1832 1360 1900 Bel,
1376 1842 1406 1890 ut
1419 1834 1554 1905 spondere
1565 1836 1682 1906 beilissm
1783 1892 1785 1894 .
1813 1888 1816 1893 .

157 1930 280 1989 Liberior
293 1929 398 1989 cervice
406 1944 476 2000 vaga
486 1928 650 2001 dominaque
659 1927 770 1986 rebellia
1002 1917 1107 1976 Audeat
1118 1921 1163 1977 illa
1174 1922 1255 1978 etiam
1265 1939 1325 1995 quae
1338 1942 1394 1983 nou
1407 1928 1539 1999 promissa
1551 1927 1661 1984 fatetur.
1783 1944 1788 1963 ²

155 2021 246 2080 aonia
259 2030 380 2080 „pareo
391 2020 573 2080 manaem
588 2021 698 2093 anguina
711 2033 810 2085 comm
1001 2008 1071 2066 vum
1084 2026 1216 2071 revocare
1227 2014 1315 2087 ipsum
1327 2027 1458 2077 consueto
1472 2019 1612 2077 acrimine
1621 2026 1709 2077 mutat
1797 2020 1799 2023 ’
1814 2026 1816 2035 ’

155 2116 221 2186 011ae
233 2123 378 2189 postquam
391 2115 526 2188 exposuit,
540 2129 690 2187 pressoque
703 2113 839 2171 obmutuit
850 2127 908 2183 οη,
1001 2099 1126 2162 Criminis
1135 2113 1286 2175 θΙΙΘΙθΓθΙῙΙ,
1298 2115 1440 2180 peditatum
1453 2125 1469 2165 d
1480 2109 1573 2168 fomite
1583 2111 1684 2168 ionem

156 2207 225 2266 Tum
238 2208 339 2267 fessum
351 2208 427 2265 lethu
439 2207 530 2279 posuit
543 2215 634 2280 caput,
648 2222 750 2279 oraque
760 2216 789 2265 et
802 2215 877 2264 artus
1002 2192 1037 2249 Et
1047 2195 1159 2269 00000
1171 2214 1284 2257 00000
1298 2203 1385 2273 irim
1395 2203 1430 2259 ³¹)
1443 2202 1534 2261 1²⁶5oe
1544 2204 1677 2262 madens.

155 2297 277 2356 Perfudit
290 2311 403 2356 mouens
412 2295 520 2367 glaciali
532 2312 648 2370 corpore
660 2297 757 2370 pallor.
1038 2287 1094 2344 Sed
1104 2290 1231 2361 quonianr
1241 2292 1354 2349 crebros
1363 2303 1476 2351 canure
1489 2295 1564 2352 enisa
1577 2296 1729 2377 triumphos

155 2392 214 2451 lloc
228 2392 282 2450 dne
293 2390 413 2459 interiit3
429 2391 507 2448 nodis
522 2398 615 2447 tamen
625 2390 672 2449 irie
683 2406 791 2463 quoque
800 2391 861 2450 linis
1001 2376 1139 2435 Murmura
1153 2388 1301 2438 0000001
1311 2383 1458 2453 0008001οῑ
1468 2393 1561 2442 00000
1575 2394 1730 2459 timidum»

155 2482 264 2541 Hmtiui
276 2481 394 2540 ostendit
404 2482 542 2551 meritum,
556 2482 601 2539 cui
615 2497 696 2540 nosse
706 2482 795 2540 lutura
1002 2468 1090 2540 Aulue
1099 2469 1170 2526 {⁰¹0¹
1181 2468 1277 2528 ¹²⁰⁶ss
1290 2472 1384 2531 ‘5⁸⁰¹ss
1393 2474 1526 2546 0000000
1539 2475 1665 2534 70100000

155 2574 201 2632 su
209 2573 296 2644 treta,
309 2572 374 2630 nolu
389 2563 687 2645 transcurreremus
700 2574 791 2631 carno
1001 2559 1138 2618 Bellorum
1149 2560 1360 2621 rennn'nnnen
1374 2566 1560 2624 resonavimus
1572 2568 1668 2634 imm»

156 2662 306 2721 Tamna
315 2662 433 2721 wlepem
447 2670 556 2718 amno
567 2662 687 2734 ponam
699 2671 828 2720 manaem,
1001 2650 1062 2710 lion
1083 2667 1193 2725 quoque
1217 2670 1299 2726 quem
1330 2656 1436 2715 dederit
1460 2657 1586 2717 Christus
1610 2675 1736 2720 sermone
1757 2661 1798 2721 fo

189 2752 224 2811 dt
234 2769 387 2826 quanquam
401 2754 511 2811 nimium
525 2754 641 2812 mendax
654 2763 682 2813 et
691 2754 805 2812 callidus
815 2756 902 2812 hostis
1634 2753 1765 2828 {queunt

155 2845 205 2905 Vel
217 2856 308 2917 tegere
320 2847 424 2904 insidiis
438 2845 561 2917 daudm,
575 2846 620 2904 uel
631 2847 725 2905 fallere
738 2847 832 2904 formis
1001 2833 1136 2906 Tempore
1147 2836 1219 2907 0000
1230 2846 1334 2907 fidium
1348 2840 1428 2900 00100
1441 2842 1571 2899 miremur
1583 2843 1611 2899 in
1620 2843 1678 2900 illo·

155 2937 294 3004 Tantam,
309 2938 408 2996 [matra
421 2938 479 2996 haec
492 2939 573 2995 toties
585 2938 724 2996 molimina
734 2939 860 3011 perdens,
1001 2925 1165 2984 Sanctorum
1177 2930 1313 3000 quondm
1329 2932 1411 2989 sociis
1423 2933 1577 3005 Christique
1589 2934 1718 2993 minisii'i!

155 3029 244 3087 Anaua
258 3028 381 3086 fictorum
395 3029 495 3088 formas
508 3029 635 3088 simulare
644 3029 768 3097 (impp-um,
1001 3019 1131 3092 Adjeciild
1139 3021 1246 3091 juvenis
1260 3022 1385 3094 facioque
1394 3032 1422 3080 ei
1432 3025 1542 3081 nomine
1552 3025 1659 3097 Clariis,

155 3119 270 3189 fingere
280 3128 308 3178 et
319 3120 435 3192 effigiem
445 3136 561 3192 quumm
575 3119 692 3191 lingebat
703 3122 843 3179 honorem.
966 3124 989 3191 (ς
1003 3110 1081 3167 llaud
1095 3111 1190 3183 procul
1204 3120 1326 3169 asancto
1339 3112 1435 3170 cellam
1448 3114 1561 3174 duetore
1575 3116 1688 3173 locarat.

156 3210 233 3268 Nunc
242 3209 316 3268 louis
330 3213 460 3270 incestam
475 3212 581 3279 faciem,
596 3211 743 3283 lfartlsque
757 3211 886 3280 furorem,
1002 3202 1163 3259 0000000οῦ
1176 3203 1330 3274 0100οῑ00
1343 3206 1378 3261 00
1389 3209 1527 3263 000000ῐὶ0
1541 3207 1648 3275 00000,

157 3299 317 3358 llercurium
328 3301 402 3359 falsis
416 3318 516 3359 nexum
528 3302 639 3373 vestigia
649 3303 754 3375 pennis,
1005 3291 1040 3348 llt
1053 3293 1189 3349 modulata
1199 3293 1251 3364 piis
1263 3296 1424 3368 symphonia
1434 3298 1562 3368 psalleret
1573 3300 1689 3372 hymnis,

156 3391 271 3464 Fomipa
283 3391 442 3460 Vulcanum,
454 3393 563 3451 chopdig
573 3392 616 3450 agl
626 3394 732 3465 pectine
743 3391 884 3454 Phoehum,
1000 3381 1124 3440 condole
1132 3386 1264 3441 000119Χί8
1274 3397 1416 3445 l'esilllill'ei
1432 3390 1518 3460 gloria
1528 3390 1636 3462 linguis.

156 3479 284 3552 Etlgians
293 3481 389 3556 clypeo
402 3484 522 3540 insanam
537 3484 678 3553 cristisque
692 3481 849 3548 llineruam,
1001 3473 1139 3532 Subdolus
1152 3476 1224 3533 hune
1234 3477 1369 3548 quondam
1382 3479 1489 3549 juvenis
1501 3482 1680 3554 simulataque
1691 3492 1799 3556 gestans

154 3573 292 3631 Lascivam
307 3573 450 3641 Venerem,
462 3575 627 3645 quatientem
640 3573 726 3628 lustra
741 3572 863 3637 Dianam,
1001 3562 1165 3636 Compositis
1174 3563 1301 3636 figmenta
1312 3566 1392 3636 dolis,
1407 3572 1536 3627 mentitus
1546 3581 1574 3629 ct
1583 3586 1692 3632 omnem

154 3662 285 3722 incestam
299 3663 393 3722 illicita
403 3664 583 3721 thalamorum
597 3663 656 3734 lege
673 3677 806 3727 sororem,
1002 3656 1118 3714 insontia
1131 3659 1250 3728 speciem
1260 3661 1385 3716 monachi
1399 3662 1449 3717 sula
1464 3665 1573 3720 numine
1585 3664 1692 3734 ludens,

153 3744 294 3810 Germana·
308 3762 336 3810 et
352 3769 450 3810 nomen
462 3753 618 3825 perdentem
632 3753 744 3810 erimine
755 3752 855 3808 fratris.
1001 3743 1178 3817 Extitiiiisdb
1190 3750 1528 3809 0000000010000000000
1542 3754 1681 3825 luporum,

153 3844 263 3902 Talibus
275 3851 414 3901 ostentans
424 3843 528 3916 formu,
538 3859 578 3912 se,
588 3844 668 3916 digna
680 3860 791 3901 suorum
1001 3835 1114 3908 300000
1124 3837 1264 3909 illidium
1277 3838 1373 3896 *miili
1386 3849 1498 3911 lf⁰¹⁰r0
1513 3844 1595 3900 limt-

153 3934 246 4003 laeta,
257 3944 286 3992 et
299 3935 414 3993 mentito
427 3936 504 3993 vultu
514 3952 563 3994 sua
579 3937 691 3994 erimina
703 3934 840 4007 prodens;
1001 3926 1041 3984 30
1051 3927 1167 3998 001000]
1180 3928 1282 3985 000οῑῑῦ
1294 3929 1338 3985 iel
1352 3929 1412 3987 00Ιο
1426 3947 1542 4004 corpore
1554 3936 1653 3993 mixtus

153 4026 328 4099 Nequaquam
338 4026 408 4083 elabi
419 4030 517 4101 poluit,
530 4027 579 4085 aed
593 4025 687 4084 fraude
701 4034 807 4084 relecta
1001 4018 1159 4076 Communis
1167 4019 1230 4075 vilae
1243 4020 1363 4091 speciem
1372 4022 1513 4080 similleior
1525 4026 1632 4097 agebat.

152 4115 275 4175 Perdidit
286 4117 378 4174 irrisus
388 4116 528 4175 molimina
542 4117 639 4175 callida
653 4117 767 4184 demon,
1000 4109 1136 4167 Ροοῑ0000
1146 4110 1379 4180 angelicissolitua
1390 4111 1494 4183 iaemrc
1505 4115 1632 4186 loquelis.

150 4205 251 4266 limans
261 4216 411 4265 extremum
427 4225 477 4282 per
486 4210 568 4266 uerba
582 4209 707 4280 procacia
720 4211 806 4276 uirus,
1000 4198 1137 4257 Fallaoem
1149 4201 1284 4257 extulerat
1298 4217 1366 4258 vana
1379 4203 1413 4260 ad
1428 4202 1534 4276 fastigia
1546 4216 1677 4269 mentem.

151 4296 320 4371 illamqua
328 4299 416 4355 virum
426 4300 498 4356 visita
508 4300 552 4357 vel
565 4310 635 4357 voca
647 4300 793 4356 lacessens,
1001 4291 1106 4349 Celsius
1119 4292 1183 4349 elati
1197 4306 1310 4350 casurus
1323 4293 1441 4352 eulmine
1450 4297 1546 4355 cordis.

151 4386 217 4457 Quae
226 4395 323 4445 cuncta
337 4388 450 4445 immoto
464 4388 584 4445 tolerans
595 4388 724 4460 patientia
735 4388 820 4455 vultu,
1001 4383 1072 4452 Quin
1086 4393 1114 4441 et
1124 4384 1253 4457 prodigiis
1267 4387 1385 4443 suadens
1397 4387 1503 4445 incauta
1517 4392 1607 4460 coegit

151 4476 298 4534 Blanditias
312 4486 446 4548 temnens
458 4478 557 4551 probra
570 4486 599 4535 et
611 4477 733 4535 conuicia
745 4478 846 4546 ridens,
961 4475 1098 4562 „Corda
1112 4477 1187 4533 uelut
1200 4478 1305 4534 meritis
1311 4478 1368 4550 jam
1384 4495 1433 4551 per
1446 4481 1609 4539 documenta
1623 4486 1745 4556 prodatis

150 4567 239 4640 Atque
262 4568 368 4626 hostem
392 4581 540 4640 agnoscens
562 4566 691 4639 Qmento
714 4567 742 4624 in
762 4574 877 4639 utroque
896 4565 946 4623 do-
1000 4563 1054 4622 l’ro
1066 4566 1171 4624 leuibus
1180 4568 1265 4639 signis
1275 4567 1382 4625 tumidis
1397 4570 1458 4641 plus
1470 4572 1581 4629 eredere
1590 4575 1689 4634 uerbis

805 4659 909 4734 [losum
999 4656 1535 4732 lpsiusinterdumsesciactaresoieltat

149 4745 268 4804 Crimine
281 4763 333 4807 nec
344 4747 406 4805 laedi
415 4750 513 4821 potuit,
529 4763 579 4806 nec
591 4748 673 4808 laude
687 4751 801 4821 moueri,
1001 4754 1127 4827 Alloquio
1137 4755 1253 4823 oomni,
1262 4764 1388 4826 tanquam
1403 4756 1533 4816 sicreber
1545 4759 1580 4816 ad
1590 4759 1666 4818 illurn

150 4838 300 4896 Verborum
310 4838 409 4911 jaculis
418 4854 558 4912 opponens
575 4841 653 4912 signa
662 4842 768 4912 salutis,
1000 4846 1115 4904 Nuntius
1128 4845 1235 4904 assidue
1247 4846 1350 4905 cmlesti
1364 4862 1380 4903 a
1394 4848 1459 4905 sede
1473 4849 1598 4923 referret,

148 4923 180 4984 lit
192 4929 281 4987 erucis
293 4929 402 5002 obiectu
415 4929 586 5002 condingens
597 4933 651 4988 tela
660 4931 786 5001 latronis,
999 4937 1152 4996 ostendeus
1161 4951 1288 5008 magnum
1303 4939 1379 4996 socio
1389 4953 1515 4998 sermone
1529 4942 1661 5004 latorem.

147 5019 199 5088 Qui
209 5034 280 5092 sepe
292 5035 433 5092 aggressus
444 5021 519 5080 duris
532 5023 576 5095 pia
589 5024 672 5081 corda
682 5024 801 5096 querelis
999 5028 1055 5086 Nec
1067 5027 1155 5083 dmult
1167 5029 1270 5086 sanctu
1284 5039 1371 5087 semet
1380 5031 1505 5090 conferre
1517 5038 1657 5108 prophetia

146 5107 247 5181 impius
259 5111 399 5184 oujeoure
411 5112 458 5185 pio
476 5113 586 5184 pietatis
597 5129 728 5186 umorem,
998 5117 1110 5191 Spirans
1123 5117 1227 5175 fallacis
1239 5120 1380 5178 mendacia
1393 5123 1476 5179 uerba
1486 5124 1609 5183 latronis.

146 5199 217 5260 Prolr
229 5202 322 5261 dolori
339 5205 456 5262 audebat
466 5218 559 5263 uorum
572 5207 613 5263 sic
624 5221 692 5264 roos
705 5207 851 5275 resultans,
996 5208 1112 5281 lamque
1125 5208 1195 5267 adeo
1205 5211 1297 5281 plures
1310 5212 1434 5271 condetis
1447 5216 1560 5274 credere
1569 5218 1659 5276 uerbis

146 5292 272 5351 'festibus
282 5302 313 5351 ut
325 5295 417 5353 multis
429 5295 523 5353 feralia
537 5296 611 5354 dieta
628 5307 761 5368 paterent.
995 5301 1153 5373 Impulerat,
1166 5300 1241 5358 solus
1252 5304 1388 5359 constanti
1401 5314 1513 5376 pectore
1526 5306 1621 5364 Clarus

145 5380 396 5450 Quarenitenosos
403 5386 516 5444 manino
529 5386 563 5459 (si
577 5387 690 5443 crimina
708 5388 832 5462 damnas)
997 5390 1156 5463 nepputoa
1171 5399 1265 5448 saneto
1280 5391 1387 5450 fallacia
1400 5410 1537 5452 murmura
1548 5411 1639 5453 sensu.

145 5471 266 5546 Suscipio
279 5483 307 5532 et
320 5476 419 5534 uitium
429 5478 551 5550 culpans,
567 5480 704 5536 consortia
717 5481 816 5552 qumria
997 5485 1032 5543 Et
1049 5486 1173 5557 quamuis
1183 5486 1290 5543 Domini
1304 5487 1421 5546 furiosus
1430 5489 1542 5560 degeret
1555 5490 1634 5557 iram,

145 5562 324 5636 Ρο000000013
334 5567 425 5625 ί00000
436 5569 541 5627 lateant
559 5576 587 5626 00
597 5569 668 5627 facta
680 5578 799 5639 futrum,
996 5578 1054 5636 Nec
1068 5588 1172 5636 terrere
1186 5594 1296 5651 grauem
1307 5582 1406 5652 potuit,
1422 5597 1473 5638 uec
1486 5579 1581 5638 fallere
1591 5592 1711 5638 cautrrm.

144 5653 259 5715 llortatu
274 5670 331 5716 tum
344 5659 416 5718 laeta
429 5677 500 5730 meo,
514 5676 575 5736 quae
587 5662 703 5735 plurima
714 5665 789 5721 suasi
996 5668 1139 5742 Spondens
1152 5672 1280 5729 uirtutem
1295 5689 1344 5745 per
1357 5673 1472 5745 piurima
1485 5674 1561 5744 siguo
1579 5675 1755 5747 probandam.

144 5748 179 5806 Et
187 5766 303 5823 quorum
316 5767 379 5825 pars
392 5770 487 5832 magna
501 5758 615 5830 iniqui,
632 5772 734 5832 queso,
749 5752 875 5828 pronam
996 5758 1117 5835 Namque
1128 5771 1157 5821 ut
1169 5761 1298 5840 deceptas
1308 5774 1436 5838 caperent
1446 5766 1575 5824 miracula
1587 5777 1705 5838 montes,

291 5848 426 5913 airaon.
449 5850 532 5916 txl.
1572 5858 1611 5920 ³³
