4034 6184
242 236 295 296 dil

712 236 743 293 S.
762 235 899 295 eluunt
918 230 1044 294 nobili!
1062 231 1217 293 FPlSGOPl
1241 229 1412 289 insulto.
1816 233 1866 293 did

313 345 451 405 lididerint
462 344 691 415 recommonet,
702 346 985 418 sineoorporerirnm
1046 352 1071 409 Λ
1155 338 1288 411 Flamma,
1298 348 1477 400 etconsnmto
1486 348 1639 399 moreretur
1648 342 1866 419 languldapastr,

312 436 342 494 ln
356 436 462 493 Christo
473 436 591 493 Felicem
603 449 693 505 agere,
708 436 859 507 insignique
872 441 1010 507 potentem
1071 468 1074 472 -

242 525 295 585 560
311 526 402 582 lente
420 525 553 591 animam,
572 522 654 594 positi
668 522 732 579 dum
751 522 874 595 eorporis
885 537 948 578 ossa
958 520 1035 591 quie·

935 610 1033 684 [scutit.

314 703 385 759 Ante
394 700 465 757 diem
477 699 579 756 reditus
590 700 670 757 elaris
680 699 849 771 pretendere
859 698 953 767 signis,

315 791 427 860 Qualem
437 803 486 861 pro
498 789 600 845 meritis
612 790 647 844 sit
659 797 793 859 geneture
806 801 946 853 eoronam,

282 910 286 917 ·
314 878 498 937 Gumsteterit
507 884 580 933 totns
593 876 714 934 redivivo
724 892 839 947 corpore
852 876 937 932 Felix.

384 964 493 1033 Omnes,
508 966 620 1036 quisque
634 980 693 1033 suo,
708 963 850 1021 radiabunt
860 962 1036 1019 luminesan·

990 1050 1037 1125 [eti

244 1143 301 1206 565
316 1143 442 1202 bissimlli
460 1144 566 1215 lulgore
578 1158 669 1216 pares,
682 1140 829 1212 neeludioe
843 1138 950 1198 cbristo

316 1235 392 1293 Alter
403 1235 430 1292 in
441 1233 553 1291 alterius
561 1234 651 1289 meriti
661 1230 801 1302 dispendia
814 1237 955 1287 crescent:

313 1323 437 1381 cbristus
448 1323 500 1379 erit
509 1324 613 1380 eunetis
626 1336 749 1393 regnum,
765 1319 1022 1385 lu1,uita‚eorona.

386 1413 495 1470 Cernite
508 1413 651 1471 distinctos
669 1412 807 1477 octasemi
818 1412 919 1467 bonore
929 1408 1039 1480 jugatos

316 1501 549 1559 Testamentorum
563 1501 721 1572 Veterisque
729 1500 850 1570 Nouique
863 1499 1017 1569 magistros,

246 1589 300 1646 tttt
316 1588 453 1661 inquibus
465 1605 519 1645 nna
529 1589 603 1646 dedit
612 1589 733 1659 geminas
741 1587 881 1660 Sapientia
891 1588 974 1655 lenes.

1155 430 1297 488 Consimili
1310 432 1391 489 modo
1403 448 1454 488 nos
1467 431 1544 489 Felix
1558 449 1610 506 ope
1623 428 1699 491 solve
1712 438 1837 508 perialis3

1156 519 1212 575 Nee
1227 519 1353 578 domibus
1379 522 1479 579 uostris
1497 524 1624 595 propient
1641 525 1727 594 mala3
1747 528 1871 600 pulsaque

1776 619 1872 693 nee

1085 700 1139 758 ild
1156 700 1273 759 Horrida
1284 704 1430 775 sanguineo
1444 705 1525 776 longe
1535 715 1616 764 sonet
1629 707 1668 763 ira
1681 705 1798 779 llassello.

1195 789 1270 850 illam
1282 796 1365 851 etiam
1379 795 1507 852 virtutem
1521 794 1646 854 areendis
1657 799 1738 857 indue
1751 796 1840 871 bellis,

1157 884 1217 954 Qua
1230 888 1302 944 male
1315 886 1450 944 labentem
1464 886 1560 945 uicinis
1571 883 1708 946 montibus
1718 906 1840 960 amnem

1158 976 1210 1046 Qui
1222 978 1318 1035 subitis
1331 987 1411 1036 aucto
1425 976 1523 1051 pluviis
1536 990 1657 1039 torrente
1669 978 1836 1057 redundans„

1159 1072 1205 1129 Sie
1216 1080 1262 1128 tua
1273 1073 1443 1144 praecipitans
1456 1074 1482 1128 in
1498 1075 1589 1130 limina
1599 1091 1671 1148 stepo
1680 1078 1789 1148 ruebat,

1087 1162 1141 1218 tib
1161 1161 1196 1218 tn
1209 1163 1287 1219 tectis
1298 1160 1442 1231 conjuncta
1455 1165 1510 1218 tuis
1523 1162 1675 1221 habitacula
1688 1168 1773 1223 vastis

1158 1251 1304 1319 Quassaret
1313 1251 1449 1307 uiolentus
1463 1252 1550 1322 aquis,
1561 1253 1597 1308 ita
1608 1253 1718 1310 domine
1731 1271 1810 1312 verso

1159 1339 1257 1399 Fecisti
1266 1352 1373 1399 mutare
1385 1344 1453 1411 olas,
1465 1350 1495 1399 ut
1509 1359 1581 1401 nune
1593 1360 1680 1403 noros
1694 1343 1771 1403 ilium

1160 1430 1260 1487 Alaeus
1271 1428 1379 1487 insolita
1390 1429 1471 1487 ducat
1484 1428 1595 1501 regione
1610 1433 1754 1506 latentem,

1160 1521 1312 1593 Nostraque
1324 1518 1473 1594 longinquo
1484 1523 1615 1579 vitantem
1630 1533 1702 1581 tecta
1715 1534 1823 1595 mentm

1090 1613 1142 1671 lid
1160 1613 1206 1671 Sle
1220 1615 1302 1671 modo
1314 1615 1447 1672 bellisono
1460 1617 1600 1673 venientes
1612 1614 1723 1676 llumine
1732 1632 1848 1694 pugnem·

317 1678 405 1750 M(1¹¹⁰
418 1679 455 1735 5¹⁸
468 1680 684 1779 Vlfiuwafffl
697 1678 844 1750 9²¹8¹⁰¹⁵²
857 1684 963 1748 lenm·
1055 1701 1079 1762 B
1162 1706 1311 1764 benostris
1325 1715 1419 1764 averte
1432 1709 1508 1764 loeis.
1521 1709 1616 1767 uanos
1629 1711 1712 1783 impia
1725 1716 1813 1773 saeris

316 1765 376 1822 ΝΜ
387 1766 483 1822 Petrus
492 1774 588 1837 01000
597 1767 673 1834 '¹¹8²
684 1781 773 1833 mare;
788 1765 836 1822 ⁸0⁸¹
852 1781 940 1836 ΜΨ
951 1763 1041 1822 ΗΜ
1160 1795 1270 1852 Finibus
1282 1795 1403 1862 absistat,
1413 1797 1511 1867 quibus
1523 1806 1565 1855 est
1578 1807 1624 1855 tua
1637 1802 1723 1871 gratia
1736 1803 1846 1862 vallum.

324 1856 456 1927 AEquoris
470 1858 579 1913 inoessit
587 1856 690 1928 liquido
703 1874 710 1911 ε
725 1864 813 1911 nmen
826 1871 895 1910 unus
909 1855 1030 1925 utrisque

317 1945 412 2016 Fulget
422 1948 519 2016 bonos,
539 1961 609 2003 unus
621 1945 750 2017 quoniam
760 1944 811 1999 luit
824 1951 904 1999 autor
917 1943 1025 2013 utrique

247 2033 301 2091 stb
317 2034 446 2093 scindere
459 2050 543 2106 aquas
555 2036 641 2106 uirga,
655 2035 769 2107 pedibus
777 2036 881 2092 ealeare
894 2033 1005 2098 duenta,

318 2122 497 2195 &1422
516 2122 568 2190 Qui
586 2121 658 2178 Deus
676 2129 719 2178 est
734 2132 857 2178 veterum
880 2121 907 2176 in
924 2119 1040 2181 sancus,

724 2209 808 2284 [ileos
821 2210 879 2280 ipse
893 2221 1041 2272 novorum

319 2301 380 2369 Quo
392 2302 456 2358 data
469 2301 513 2358 les
526 2300 642 2357 Domino
654 2309 711 2368 est,
726 2315 761 2357 ex
775 2301 835 2372 ipso
848 2298 934 2367 gratia
947 2298 1039 2354 repit:

319 2391 368 2449 llle
381 2391 454 2449 Deus
468 2392 596 2460 Darnielis,
606 2400 635 2448 et
645 2392 690 2448 ille
703 2392 785 2448 trium
797 2405 958 2462 puerorum,

319 2481 417 2539 Felieis
431 2482 504 2538 bern
516 2482 574 2552 ipse
587 2481 668 2549 Deus,
684 2496 735 2537 nee
746 2495 777 2536 se
789 2481 880 2536 minor
893 2481 952 2551 lpse
965 2488 1008 2537 est

249 2571 304 2630 01)
320 2572 349 2629 ln
361 2581 457 2629 saneto
469 2572 559 2629 Felice
572 2572 662 2629 Deum
677 2587 726 2643 per
739 2586 820 2643 quem
833 2573 905 2628 bona
917 2570 989 2628 duna

320 2662 355 2720 Et
368 2663 485 2719 medieas
499 2670 609 2719 erereet
619 2677 686 2734 opes
700 2670 826 2733 terraque
838 2663 970 2734 marique.

354 2750 435 2808 Omni
447 2766 564 2824 namque
576 2751 621 2809 die
634 2760 718 2809 testes
729 2767 831 2821 summ,
845 2751 964 2822 undique
980 2762 1042 2809 ere-

975 2842 1043 2918 [bris

320 2934 443 2991 coetibus
452 2943 499 2991 aut
508 2949 589 2999 sanos
598 2935 732 3007 grammis
745 2935 860 2993 reddere
873 2943 952 3002 rota,

286 3028 289 3033 ’
321 3026 377 3083 dut
385 3042 472 3097 egros
485 3028 573 3084 sarias
586 3038 679 3097 petere
691 3043 724 3084 ae
737 3028 775 3101 (n)
790 3027 893 3083 ambire
910 3026 1039 3083 medelas.
1054 3058 1080 3123 ο

251 3115 305 3174 385
321 3116 464 3174 Cernimus
477 3124 506 3174 et
519 3116 619 3172 multos
633 3118 774 3187 peregrino
788 3117 1018 3180 alittoreveetos,

321 3207 392 3263 Ante
404 3221 508 3262 sacram
521 3207 607 3263 saneti
621 3215 771 3278 prostratos
784 3208 909 3278 martyris
922 3221 997 3262 aram
1008 3206 1030 3276 ’‚

322 3296 389 3352 Dum
399 3296 520 3352 relerunt
530 3304 630 3366 grates,
643 3296 756 3352 tolerata
770 3295 872 3352 relerre
883 3297 997 3367 pericla,

322 3386 473 3451 leotasius,
484 3385 581 3441 validis
594 3385 687 3441 collisa
698 3399 767 3440 nare
776 3384 914 3455 procellis,

322 3477 359 3535 Se
372 3485 466 3550 raptos
479 3477 625 3534 miserante
640 3476 707 3546 beo,
721 3476 818 3533 Felicis
828 3485 859 3534 ut
869 3477 927 3549 ipsa

253 3567 307 3630 teo
322 3567 459 3625 Educente
470 3582 561 3631 manui,
574 3567 657 3623 maris
671 3568 816 3623 emersisse
827 3566 973 3638 prolnndo,

322 3658 356 3716 Et
366 3659 536 3731 desperatam
548 3659 669 3730 placidos
678 3658 783 3735 cepisse
796 3658 926 3725 salutem,

322 3749 420 3807 Felicis
433 3750 537 3807 meritis
547 3757 576 3805 et
588 3764 674 3820 aquas
686 3755 716 3805 et
725 3748 824 3806 eedere
835 3749 968 3808 dammas.

357 3840 496 3898 Preterita
518 3848 550 3896 ut
572 3848 678 3898 taceam
701 3841 792 3899 meriti
811 3840 976 3900 documenta
993 3857 1045 3913 po·

943 3934 1047 4009 [umus

323 4021 453 4078 Novimus
466 4021 589 4092 experti:
605 4036 690 4092 paror
703 4036 720 4077 e
736 4030 841 4079 terrore
854 4025 958 4080 reeenti

255 4109 308 4168 005
325 4110 420 4166 librat
433 4107 522 4163 adhue
534 4122 668 4163 memores
681 4107 798 4176 animos,
810 4109 993 4170 recolentibus
1002 4113 1048 4168 illa

323 4199 389 4266 Quae
403 4197 514 4253 tulimus
525 4212 596 4266 pene
609 4197 740 4253 absumtis
753 4198 877 4255 incendia
885 4201 983 4257 tectis:

326 4286 478 4356 Quamlibet
490 4287 629 4343 exstinctae
643 4288 763 4344 recalent
774 4290 885 4360 vestigia
896 4293 1012 4348 ssanimm

328 4378 464 4435 lientibus
477 4387 505 4435 et
518 4378 607 4448 magni
621 4378 759 4436 cumulant
771 4379 868 4437 Felicis
881 4397 1020 4452 amorem;
1063 4409 1090 4471 n

326 4470 412 4540 Quem
426 4488 512 4545 prope
524 4487 658 4545 corporeo
671 4481 831 4544 praesentem
843 4474 959 4532 uidimus
972 4482 1035 4533 aetu

258 4563 309 4621 illd
325 4562 468 4635 objectare
480 4581 576 4622 manus
589 4564 712 4633 dammis,
725 4573 754 4622 et
764 4572 857 4622 nostra
872 4567 943 4622 tueri

326 4652 430 4709 Limina
442 4653 536 4724 iuncta
548 4656 615 4721 suis,
630 4669 690 4726 qum
705 4662 843 4727 umquam
855 4655 948 4712 territa
962 4658 1048 4714 saneti

327 4740 465 4799 obstantis
479 4744 547 4800 lacis
561 4758 646 4815 prope
657 4753 769 4815 tannem
783 4743 890 4800 bamma
903 4746 1029 4816 parebat,

330 4828 465 4901 Falsaque
480 4832 514 4888 de
528 4834 613 4889 nostri
627 4834 758 4904 rapiendo
767 4835 884 4892 eulmine
894 4837 975 4910 teeti,

329 4924 487 4982 Comminus
500 4926 528 4982 in
542 4928 629 4996 tuguri
643 4927 730 4984 vieim
743 4936 834 5000 strage
844 4932 970 5001 perarsit.

261 5016 312 5072 tos
359 5014 425 5071 liira
435 5015 540 5085 loquar,
552 5018 626 5072 stetit
636 5018 763 5073 immotus
772 5018 943 5076 sinellatibus
952 5020 1047 5085 aether,

330 5104 385 5161 llee
398 5118 538 5160 nemorum
553 5103 624 5160 loliis
636 5105 720 5162 ullum
731 5106 805 5163 detlit
814 5122 880 5165 aura
891 5118 1047 5178 nemmem,

328 5198 367 5254 lle
380 5204 472 5268 posset
485 5197 595 5267 rapidus
608 5198 756 5268 prooedere
769 5200 876 5270 longius
890 5202 969 5271 ignis,

316 5288 381 5346 -Per
394 5292 520 5345 eotrtexti
532 5288 627 5346 volans
638 5289 771 5347 sociarum
787 5292 860 5361 tigna
883 5291 1026 5348 domorum
1039 5308 1046 5346 ι

328 5382 382 5440 Sed
396 5380 482 5438 uentis
495 5380 602 5438 deserta
615 5380 774 5439 cadentibus
782 5382 827 5440 ire
839 5390 954 5461 nepam

296 5566 310 5596 ⁸
323 5553 353 5613 td
363 5560 405 5609 est
417 5551 543 5608 oinium.

296 5629 306 5647 ·
318 5622 454 5692 Scriptum
467 5636 537 5678 anno
548 5620 610 5688 400,
620 5621 664 5679 die
675 5620 709 5677 tt
721 5620 831 5680 ianuar.

1163 1885 1251 1957 Atque
1260 1885 1877 1961 tuamtimeantbostesquasidaemonesaulam.

1161 1976 1218 2034 Nee
1230 1994 1312 2036 eruor
1326 1976 1386 2035 baec
1398 1979 1491 2048 violet,
1502 1995 1563 2051 quae
1577 1980 1686 2039 damma
1696 1984 1739 2041 rel
1751 1986 1823 2042 unda
1836 2002 1878 2044 re·
2001 2042 2002 2045 ,

1796 2077 1878 2153 imo
2002 2140 2003 2175 ³

1354 2178 1470 2237 Potitio
1487 2180 1583 2240 xlltlll
1595 2190 1614 2240 ·.
2002 2180 2003 2221 ³

1256 2312 1291 2352 DF
1304 2312 1327 2353 8.
1341 2312 1437 2354 retius
1451 2315 1549 2356 uitat.
1564 2316 1721 2360 01113011.
1807 2328 1810 2335 ’

1093 2405 1133 2462 lle
1146 2405 1291 2462 solennibus
1304 2406 1510 2490 librisliunontm
1529 2412 1601 2483 ferus
1620 2414 1686 2535 ogit.
1704 2412 1737 2472 S.
1757 2411 1876 2470 Niceten

1127 2475 1678 2608 llllbllttlttlltttlnn.
1687 2555 1797 2625 mn.

1197 2657 1374 2731 ona-m
1395 2658 1512 2717 Naseere
1524 2674 1585 2731 qnae
1599 2663 1677 2720 tardo
1692 2679 1803 2737 semper
1820 2667 1881 2725 mill

1657 2752 1793 2826 [redderis
1806 2763 1880 2820 ortu,
1945 2783 1949 2793 ·

1163 2838 1228 2897 llox
1242 2846 1270 2896 et
1288 2839 1316 2896 in
1336 2853 1462 2896 oetaeum
1481 2854 1630 2912 properans
1652 2840 1735 2914 sonim
1750 2858 1825 2915 mgr·
1838 2857 1881 2902 re·

1196 2982 1199 2986 .
1804 2936 1880 3011 [dire.

1163 3023 1228 3080 Ales
1240 3023 1316 3081 abire
1328 3021 1397 3080 dies.
1412 3022 1480 3078 Nam
1493 3031 1521 3080 te
1535 3037 1585 3095 per
1594 3016 1676 3095 longa
1689 3035 1843 3083 moramem

1129 3112 1148 3170 b
1165 3113 1312 3186 Tempora,
1321 3114 1386 3170 dum
1398 3115 1468 3171 tardi
1481 3117 1594 3173 nitens·
1609 3116 1670 3173 roti
1684 3119 1802 3175 vertitur
1813 3120 1882 3187 anui.

1164 3204 1291 3263 Sustineo
1305 3206 1416 3264 intentis
1427 3205 1526 3263 allecto
1536 3215 1648 3278 pectore
1662 3210 1732 3265 votis
1744 3227 1751 3264 :

1164 3296 1250 3364 Quam
1259 3308 1386 3366 euperem
1396 3297 1461 3353 totis
1474 3298 1540 3354 mibi
1554 3299 1701 3371 pnelueele
1712 3298 1820 3369 diebus,

1165 3385 1214 3441 llel
1225 3384 1249 3441 si
1262 3385 1372 3455 quando
1384 3388 1471 3453 renis,
1484 3388 1521 3443 ita
1535 3394 1712 3459 compensare
1725 3405 1827 3460 moras,
1838 3398 1867 3449 ut

1165 3474 1279 3532 AEstiris
1290 3489 1385 3546 posses
1398 3476 1407 3508 ¹
1422 3477 1517 3545 spatiis
1531 3477 1680 3549 produeete
1693 3479 1796 3545 lueem,

1113 3567 1149 3625 ll)
1166 3568 1221 3624 Aut
1234 3567 1310 3623 illum
1324 3581 1441 3638 pensare
1455 3570 1542 3639 diem,
1554 3572 1602 3644 qui
1613 3573 1709 3630 sistere
1719 3574 1804 3646 jussis

1165 3658 1305 3716 Sideribus
1313 3657 1395 3730 longo
1405 3659 1516 3718 lassarit
1525 3662 1627 3719 lumine
1637 3663 1778 3728 mundum,

1166 3748 1306 3806 llumanos
1318 3749 1458 3822 duplidans
1471 3751 1553 3808 dilati
1566 3760 1649 3809 noete
1661 3754 1778 3812 labores.

1204 3838 1281 3897 Ntme
1295 3848 1322 3896 te
1334 3855 1398 3901 earu
1408 3841 1467 3897 dies
1478 3837 1572 3912 dipido
1585 3842 1666 3901 nimis
1678 3858 1743 3900 aere
1755 3845 1834 3903 nobis

1168 3928 1309 4000 Temporis
1320 3929 1426 3986 hiberni
1434 3929 1477 3987 lex
1487 3926 1636 3997 subtrahit,
1646 3942 1674 3989 et
1683 3933 1818 3994 breviatas

1115 4018 1152 4076 lli
1169 4018 1344 4091 Cogitbiems
1357 4021 1438 4077 boras
1451 4023 1505 4078 cita
1518 4021 1630 4091 lumine,
1645 4025 1720 4096 pigra
1730 4029 1859 4086 tenebris.
1937 4031 1941 4035 ’

1168 4109 1222 4167 Sed
1235 4110 1304 4166 bene
1317 4109 1390 4181 quod
1402 4111 1450 4167 tibi
1463 4111 1516 4181 sol,
1529 4112 1620 4182 Felix,
1631 4114 1675 4171 ubl
1686 4117 1772 4184 gratia
1782 4133 1877 4191 perpes

1167 4201 1319 4257 illustrante
1329 4199 1413 4256 micat
1424 4200 1542 4270 Christo,
1557 4205 1750 4276 propriumque
1763 4218 1885 4268 eorusen

1169 4292 1257 4353 Natali
1267 4292 1347 4364 jubar
1358 4294 1416 4364 ipse
1428 4308 1488 4354 suo.
1499 4309 1588 4365 neque
1599 4296 1724 4353 eonditor
1736 4315 1862 4371 umquam

1169 4384 1282 4441 Casibus
1296 4384 1425 4450 oeeiduis.
1435 4385 1531 4441 aetemi
1544 4386 1672 4457 splendor
1680 4389 1803 4446 lionoris.

1117 4474 1154 4531 2⁰
1170 4474 1304 4547 lingitira
1314 4474 1382 4542 dies,
1394 4474 1512 4545 elabere,
1522 4492 1577 4533 non
1588 4478 1723 4534 revocabo
1735 4496 1742 4532 :

1170 4566 1227 4625 Nee
1242 4574 1270 4622 te
1283 4566 1340 4638 jam
1355 4581 1455 4637 querar
1470 4581 1532 4624 esse
1549 4568 1676 4636 brevem
1697 4569 1762 4640 quia
1782 4577 1812 4627 te
1832 4571 1886 4628 sins

1800 4660 1886 4735 [sein

1171 4745 1286 4818 Semper
1299 4745 1461 4802 inexstincto
1471 4760 1593 4816 presens
1602 4747 1668 4804 mibi
1681 4747 1782 4806 lumine
1797 4750 1885 4822 iniret.

1172 4836 1202 4893 Si
1212 4835 1310 4892 naumis
1323 4835 1417 4906 abest,
1427 4837 1487 4909 plus
1496 4838 1620 4908 estquod
1631 4837 1731 4909 ingiter
1744 4840 1805 4912 ipse

1173 4923 1233 4981 Lux
1247 4925 1326 4996 buius
1338 4926 1436 4982 natalis
1449 4927 1536 4984 adest.
1548 4927 1605 4984 Nee
1617 4928 1690 4985 enim
1703 4931 1749 4987 ille
1763 4932 1808 4989 die
1823 4933 1851 4988 llt

1119 5017 1155 5075 tt
1172 5016 1298 5087 Sanetus,
1310 5017 1388 5088 euius
1400 5020 1489 5076 bonor
1501 5021 1656 5079 eelebrandi
1669 5037 1750 5079 eausa
1761 5023 1816 5080 dlel
1830 5031 1877 5081 est.

1207 5107 1319 5176 Quodsi
1330 5107 1445 5163 natalem
1459 5108 1571 5179 reliquis
1584 5118 1713 5180 prestare
1725 5112 1821 5169 diebus

1172 5196 1262 5255 Turba
1275 5199 1354 5262 iacit,
1369 5200 1450 5258 solito
1460 5214 1522 5271 quae
1534 5200 1645 5258 derisius
1657 5201 1692 5258 ad
1703 5215 1780 5259 asora
1790 5201 1869 5259 eurrit

1171 5288 1292 5356 limium
1308 5291 1429 5347 conserta
1442 5307 1528 5363 prope
1541 5306 1648 5364 semper
1660 5292 1739 5363 plebe
1752 5293 1869 5350 videmus

1171 5381 1292 5438 Natalem
1306 5381 1404 5440 Feliels
1416 5383 1469 5454 agi.
1485 5382 1552 5439 Nam
1566 5398 1637 5454 quae,
1646 5398 1724 5455 rogo,
1735 5385 1808 5442 rotis

1136 5550 1175 5627 (a)
1189 5553 1257 5612 Edd.
1271 5555 1352 5612 Grau.
1368 5565 1396 5613 et
1407 5554 1501 5615 Sebot.
1517 5558 1545 5613 iu
1558 5568 1655 5626 marg„
1670 5564 1779 5612 munte.

1658 2483 1730 2537 elicit
1742 2484 1814 2540 dian
1825 2483 1879 2541 No·
