4034 6184
206 308 260 363 955
868 293 922 349 cl.
941 292 978 346 tl.
997 291 1155 351 ulcionis
1781 292 1839 348 956

213 421 328 490 dunque
341 432 395 473 uno
408 415 558 471 immistum
572 411 669 482 ruptim
683 424 713 466 se
727 405 831 477 gurgite
842 403 940 474 jungit,
1007 403 1081 467 Alit
1091 404 1168 475 lurat
1180 406 1214 462 ad
1227 406 1288 464 ooeli
1298 413 1393 485 sputos
1406 405 1509 478 spirare
1519 405 1646 477 patentis,

213 506 286 574 Quod
303 505 410 571 coelum,
423 503 495 574 quod
506 511 576 559 terra
590 499 684 563 vomit,
695 496 767 566 quod
776 495 867 551 nubite
879 490 993 548 tundunt
1045 495 1134 566 Atque
1146 495 1263 552 animam
1273 495 1392 551 :ethereo
1406 493 1523 551 laxatam
1534 508 1648 565 pascere
1655 507 1736 550 seusu
1748 511 1756 547 ε

213 595 323 651 inuoluit
335 609 439 653 mersos
452 593 542 648 mixtis
554 590 703 647 cultoribus
715 600 804 657 agros.
1045 583 1100 642 Sed
1113 586 1179 643 nulli
1189 586 1308 641 claustro
1321 583 1362 640 las
1372 591 1415 640 est
1425 584 1500 640 exire
1511 584 1625 655 patenti,

212 685 408 756 implicitosque
421 697 516 754 greges
526 681 646 744 subulis,
664 693 726 734 cum
738 676 841 732 civibus
852 671 941 734 urbes.
1046 679 1138 737 Donec
1151 679 1288 750 relliquias
1301 678 1364 736 illuc
1376 677 1423 749 qui
1433 676 1553 747 jusserat
1565 676 1639 732 orbis

213 772 305 829 Obruit
315 773 387 828 inter
399 786 501 843 aquas:
515 769 660 840 populique
672 773 783 822 natamo
793 763 881 828 ruint.
1046 768 1193 842 luqredier,
1205 770 1300 841 jubeat
1311 769 1396 826 sectis
1409 766 1540 824 excedere
1552 767 1686 824 claustris.

213 864 288 919 Nulla
298 870 390 918 manet
401 876 492 918 rerum
505 860 587 916 iacies
599 877 607 914 ε
618 857 684 925 tegit
695 854 785 911 omnis
798 850 909 916 dunen.
1047 860 1159 918 emlinus
1171 860 1338 917 maronicum
1351 858 1405 914 fida
1417 873 1480 916 cum
1496 857 1611 929 conjuge
1623 856 1691 922 Noe,

213 952 417 1023 crescendoque
427 965 506 1007 suum
516 948 631 1021 perdunt
642 956 670 1002 et
679 944 787 1001 (tumim
800 954 909 997 nobiti·
1047 947 1169 1023 Cumque
1181 950 1272 1015 domo,
1287 956 1315 1005 el
1328 947 1399 1005 natis
1411 947 1522 1018 pariter.
1537 946 1703 1016 nuribusque
1715 944 1820 1017 pudicis

213 1043 274 1099 llos
284 1043 365 1097 etiam
375 1057 466 1107 cursu,
477 1040 557 1096 niudis
569 1035 698 1094 satiabilis
712 1047 830 1104 unquam
1049 1037 1083 1096 Es
1093 1054 1163 1096 nova
1176 1039 1406 1096 ammanitarum
1416 1036 1482 1092 dm
1494 1050 1558 1091 rura
1569 1035 1683 1099 colonis,

215 1132 342 1187 Amulius
351 1130 483 1197 Oceanus,
498 1137 552 1183 tam
565 1141 661 1196 magna
674 1125 746 1181 mole
759 1130 869 1179 ruentes
1048 1128 1206 1199 Cunctaque
1217 1128 1351 1184 sueciduae
1363 1134 1469 1183 serrata
1482 1126 1628 1182 animantia
1642 1126 1721 1197 proli,

215 1219 271 1273 lulli
282 1220 419 1290 prtesettiit
431 1232 515 1288 aquas
529 1234 536 1269 :
552 1224 631 1271 aucto
644 1228 710 1284 quas
721 1212 826 1283 gurgite
838 1207 924 1279 major
1048 1218 1110 1276 lam
1122 1220 1230 1290 captiva
1243 1218 1289 1275 diu
1301 1217 1426 1274 claustris
1439 1217 1563 1274 emittere
1575 1218 1685 1288 apertis,

211 1306 302 1375 'tollit
315 1310 379 1364 ²11ss
394 1308 527 1364 ctunulum
539 1306 683 1362 redeuntes
695 1316 805 1372 ⁸¹¹OEth
816 1301 897 1370 ⁰085&
1050 1307 1115 1375 Qum
1128 1309 1215 1366 bonius
1228 1308 1361 1364 humanos
1373 1304 1464 1378 opifex
1476 1314 1598 1363 seruarat
1608 1307 1635 1362 in
1650 1323 1724 1363 usus.

215 1401 304 1456 Donec
315 1400 460 1456 contractis
470 1407 566 1454 astum
576 1398 716 1453 attollente
725 1393 860 1467 prolundo
1051 1398 1116 1465 Quae
1126 1406 1269 1470 postquam
1279 1398 1343 1453 dnus
1356 1406 1435 1468 porta
1448 1405 1547 1462 ruunt,
1559 1412 1622 1467 pers
1636 1411 1698 1453 aera
1709 1398 1813 1469 pennis.

216 1489 337 1561 Undique
351 1490 484 1546 littoribus
494 1504 600 1547 summo
611 1504 642 1544 se
655 1488 748 1543 ciruite
759 1484 848 1555 jungit
898 1503 903 1511 ·
1051 1485 1118 1544 Pars
1130 1488 1214 1545 saltus
1226 1488 1361 1558 silvasque
1373 1494 1487 1558 petunt,
1499 1502 1562 1558 pars
1574 1501 1662 1543 mersa
1675 1489 1796 1545 cauernis

201 1572 333 1647 'Fluctus
344 1590 373 1638 et
386 1583 521 1653 oppressis
534 1589 699 1636 concurrunt
711 1591 819 1648 aequora
834 1572 921 1630 terris.
1051 1578 1182 1636 lnloditur
1195 1580 1312 1651 patulis,
1325 1589 1403 1636 terrac
1416 1595 1479 1650 pars
1491 1580 1576 1637 libera
1590 1582 1694 1653 eampis

251 1671 284 1727 Et
293 1673 350 1740 jam
364 1680 406 1726 ter
420 1671 509 1741 quiuis
522 1669 703 1741 superomnia
714 1667 813 1723 celsior
826 1660 896 1720 uitiis
1052 1669 1175 1727 Exsultat
1186 1671 1274 1737 siccis,
1285 1678 1314 1728 et
1324 1679 1402 1743 prato
1413 1681 1509 1729 uernat
1520 1682 1625 1745 aperto.

217 1762 284 1817 dics
296 1759 432 1817 terebatur
445 1762 572 1831 (namque
585 1761 642 1816 baec
656 1772 780 1814 mensura
793 1768 933 1826 supremos
1016 1762 1041 1825 Β
1089 1759 1124 1816 lt
1137 1777 1201 1819 vero
1214 1762 1307 1819 mundi
1319 1763 1429 1819 sortitus
1438 1778 1522 1834 reque
1533 1764 1643 1820 secundi

217 1850 337 1907 Excessit
348 1851 464 1922 montes)
477 1867 538 1908 cum
547 1850 724 1922 quadraginta
738 1847 832 1905 ‹liebus
1052 1852 1155 1909 Cuncta
1169 1853 1255 1910 oculis
1267 1853 1324 1910 Noe
1337 1853 1462 1918 lustrans.
1477 1868 1510 1911 ac
1523 1864 1613 1910 mente
1624 1854 1716 1924 capaci

218 1940 300 1998 bidus
313 1942 409 2013 plusiae
422 1941 507 2007 furor,
522 1951 551 1997 et
564 1957 637 1998 mors
651 1955 702 1996 uua
716 1941 819 1994 luisset.
1053 1942 1203 2013 decipiens,
1218 1941 1390 2012 animumque
1402 1941 1498 1999 rolens
1510 1950 1632 1998 saturare
1643 1941 1786 2015 replendo,

217 2031 271 2089 'lcr
282 2033 476 2105 quinquagenis
488 2034 585 2090 dehine
599 2033 702 2090 solibus
716 2046 778 2088 aere
788 2030 856 2089 sudo
1053 2033 1155 2091 Cuncta
1167 2034 1266 2101 haurit,
1280 2032 1373 2104 rapido
1385 2034 1550 2106 perlustrans
1563 2034 1654 2089 omnia
1666 2034 1733 2100 sisu¹

218 2124 371 2179 Cotrsimilis
382 2125 458 2194 ponti
471 2125 566 2180 modus
579 2133 608 2179 et
618 2138 743 2179 mensura
755 2122 893 2179 remansit.
1054 2126 1091 2183 bt
1104 2141 1173 2182 nors
1183 2125 1296 2181 mirmur
1306 2142 1314 2179 ι
1325 2132 1391 2181 uoto
1403 2123 1547 2195 fulgentior
1559 2133 1621 2180 ortu
1757 2120 1760 2123 ’

218 2211 285 2267 lium
299 2221 376 2282 pater
388 2212 721 2284 omnipotensjamdudutu
736 2212 763 2267 in
776 2227 884 2267 carcere
898 2209 986 2281 gentis
1053 2216 1089 2273 Et
1101 2231 1180 2286 mage
1192 2217 1234 2272 sol
1244 2215 1339 2272 rutilus
1351 2216 1420 2273 ridet
1435 2215 1559 2285 majore
1571 2228 1671 2271 sereno

218 2296 356 2361 Corrclusae
366 2304 506 2370 miserans,
522 2304 601 2359 terris
615 2303 761 2359 abscedere
770 2311 897 2371 magnum
1055 2306 1126 2363 lmta
1139 2306 1195 2379 poli
1208 2305 1300 2376 iacies,
1316 2314 1344 2363 ct
1356 2305 1498 2377 desperata
1512 2305 1647 2361 virescunt

218 2389 349 2447 Pitthiim
360 2391 440 2462 1⁰³⁸st
452 2395 573 2465 velastis
584 2394 736 2463 sensimque
750 2393 853 2448 felib&
1054 2395 1165 2455 Fetibus
1177 2411 1240 2451 arua
1251 2397 1327 2452 noris
1339 2414 1346 2450 ε
1358 2395 1406 2452 sed
1419 2395 1506 2451 tdhue
1518 2404 1639 2450 uersatur
1649 2393 1738 2462 imago

219 2481 258 2536 llc
271 2483 367 2551 raptim
380 2481 483 2552 lugiens
495 2495 581 2538 terras
592 2484 759 2538 subverteret
770 2494 875 2546 omnes,
1055 2485 1126 2542 Ante
1140 2484 1243 2553 oculos,
1257 2494 1340 2540 tsntae
1352 2500 1458 2556 semper
1468 2483 1640 2541 memoranda
1650 2484 1744 2540 ruioae·

219 2567 253 2622 Et
264 2569 386 2625 stabilem
401 2570 428 2623 iu
442 2571 532 2624 sedern
546 2570 624 2625 tellus
637 2578 667 2625 ut
679 2570 750 2625 sicce
764 2574 878 2623 incuset.
1055 2569 1128 2633 inter
1140 2587 1223 2646 aquas
1234 2574 1297 2644 quid
1310 2573 1476 2645 pertulerint,
1491 2569 1555 2643 quid
1569 2585 1680 2627 munere
1693 2584 1770 2627 secto

219 2659 338 2728 lienique
347 2657 443 2713 diffuso
458 2659 553 2729 planus
564 2674 628 2715 11101
642 2673 706 2714 aere
719 2667 813 2714 term
1055 2664 1116 2723 lion
1126 2666 1207 2722 etiam
1220 2664 1341 2731 tulerint,
1357 2660 1484 2719 tremeret
1494 2676 1555 2718 cum
1568 2659 1762 2715 verberesuero

219 2744 336 2802 Pl⁰t¹⁰l0
348 2762 379 2803 ὅθ
391 2746 474 2818 ssoel’it
486 2746 660 2820 pedetentim,
673 2755 702 2801 θῑ
714 2761 819 2803 Summa
833 2745 917 2802 videti
1056 2755 1170 2827 Pontus,
1183 2763 1212 2812 et
1225 2754 1309 2811 illisas
1320 2759 1504 2811 contemneret
1515 2766 1577 2807 arca
1590 2750 1733 2822 procellas.

220 2834 300 2893 l'osse
310 2836 384 2909 juga,
403 2852 435 2893 ac
449 2838 545 2909 planos
558 2838 676 2909 scopulis
687 2836 850 2895 descendere
864 2835 970 2905 ductus,
1057 2848 1179 2917 eumque
1191 2844 1246 2901 suis
1256 2843 1314 2900 Noe
1327 2857 1409 2914 quam
1420 2849 1544 2913 prompta
1557 2848 1585 2895 ct
1598 2839 1651 2894 lata
1664 2837 1777 2894 resoluit

219 2925 339 2998 Cumque
348 2926 475 2982 residenti
488 2927 586 2985 sensim
597 2944 773 3001 prorumpere
785 2929 866 2986 silves
1057 2935 1094 2991 Se
1106 2935 1207 2991 circum
1219 2930 1315 2989 sumni
1329 2928 1410 2987 luerit
1421 2929 1527 2999 largitio
1540 2926 1637 2994 Patris,

220 3014 351 3087 AEqnore‚
364 3025 394 3075 et
405 3018 526 3075 occultos
536 3019 665 3090 paulatim
678 3034 789 3090 surgere
803 3019 896 3076 colles.
1058 3023 1138 3095 Cogit
1151 3031 1180 3080 et
1192 3021 1324 3078 attonitos
1336 3018 1429 3075 mirati
1441 3033 1475 3075 ac
1484 3018 1593 3074 voluere
1605 3030 1708 3083 secum,

220 3103 331 3176 lamque
344 3108 420 3179 niger
430 3109 522 3179 patula
535 3110 688 3180 speculator
701 3111 798 3167 missus
807 3110 841 3166 ab
855 3126 928 3178 arca,
1021 3119 1045 3187 c
1060 3115 1138 3172 tludc
1151 3120 1193 3171 tot
1203 3127 1266 3171 esca
1279 3111 1376 3168 animis
1389 3118 1448 3166 toto
1458 3107 1593 3190 suffecerit
1602 3122 1685 3173 auno,

220 3194 290 3250 Aera
304 3204 458 3265 reppererat
470 3197 615 3266 placidum,
630 3199 773 3270 praedaque
786 3207 893 3270 reperte
1059 3207 1125 3276 Quis
1138 3215 1227 3278 potus,
1240 3219 1358 3275 namque
1371 3204 1424 3259 buc
1436 3208 1553 3270 constat,
1567 3196 1592 3257 si
1605 3208 1703 3257 cetera
1717 3199 1776 3255 vitm

221 3285 279 3339 Non
292 3285 348 3353 iarn
362 3286 473 3340 curabat
485 3296 616 3342 consueta
629 3288 657 3343 in
671 3287 787 3344 claustra
801 3288 919 3345 reverti:
1058 3298 1248 3370 Suppeterent.
1263 3294 1380 3361 clausos,
1394 3291 1458 3347 dum
1472 3288 1582 3346 lluctuat
1593 3304 1669 3356 arca,
1682 3288 1770 3359 perire

221 3372 290 3443 3¹8⁰
303 3374 399 3430 0¹1¹5⁵⁸³
413 3375 498 3431 semel
509 3375 584 3431 lliali
595 3375 830 3444 credendumne,
1058 3390 1131 3452 luter
1144 3401 1226 3458 squas
1237 3383 1356 3456 putuisse
1368 3376 1412 3437 siti
1424 3420 1432 3448 ‚
1445 3380 1495 3436 nisi
1510 3389 1601 3436 rector
1613 3377 1715 3450 olyorpi

221 3466 263 3520 ΝῙΙ
277 3464 398 3524 reserem
411 3466 489 3534 tetii,
505 3483 612 3524 turtum
625 3467 735 3524 dimi-‘³⁵³
748 3476 870 3540 ‘etima‘
1059 3481 1212 3552 depositos,
1224 3476 1363 3535 homiuum
1376 3472 1476 3530 auxilio
1486 3471 1612 3540 donoque
1624 3477 1758 3534 carentes,

221 3558 348 3623 ''asiselae
360 3558 444 3626 frutis
454 3573 565 3628 dasium
579 3558 695 3615 libamen
705 3559 794 3615 ⁰¹iiae·
1058 3573 1236 3631 Sustinuisset
1248 3584 1282 3626 co
1295 3582 1350 3639 quo
1363 3564 1483 3624 condidit
1496 3563 1587 3621 omnia
1602 3570 1678 3618 lllliil-

221 3647 321 3704 'lantus
334 3647 506 3717 adjudicium
520 3648 583 3715 boc,
597 3649 687 3718 magni
698 3665 758 3705 curu
768 3647 847 3705 laude
860 3649 980 3721 parentis
1058 3663 1107 3720 1110
1120 3662 1222 3718 animan
1236 3659 1323 3728 longa
1333 3656 1467 3728 perituras
1480 3666 1588 3711 carcere
1601 3650 1691 3707 noctis

221 3737 377 3795 Clausorum
390 3737 479 3805 usim,
493 3752 548 3808 uuo
558 3752 588 3794 se
600 3740 718 3809 sordere
730 3740 860 3807 revelans,
1059 3751 1164 3809 sussen
1178 3750 1245 3806 locs
1258 3747 1389 3819 spolians,
1404 3746 1505 3801 vinum
1518 3740 1642 3814 replevit.

221 3826 344 3887 Εῑῡῐῑῑΰῐ
358 3839 494 3901 :quantis
503 3831 588 3887 mutis
603 3846 666 3887 ⁰⁰⁰1
678 3831 767 3888 victer
777 3833 890 3889 mrbus
1059 3841 1108 3899 llle
1120 3847 1151 3896 ut
1165 3847 1221 3895 tam
1232 3850 1341 3908 Quem
1352 3834 1458 3907 possint
1468 3831 1588 3905 perterre
1598 3830 1729 3900 quietern,

221 3918 341 3990 insultat,
355 3922 473 3978 subitum
485 3920 603 3978 obsessis
615 3923 640 3978 si
653 3921 722 3979 lorte
733 3922 838 3979 lentur
1059 3930 1158 3988 inludis
1171 3928 1239 4001 pigri
1251 3925 1385 3998 placidum
1398 3924 1516 3997 torporis
1527 3935 1645 3978 amorem
1659 3938 1668 3977 t

161 4081 170 4094 ο
221 4012 353 4068 Auxilium
365 4030 373 4066 z
384 4021 503 4082 quantus
511 4027 573 4068 cum
584 4012 675 4082 iudice
688 4014 771 4069 missa
785 4013 908 4070 modesto
1059 4021 1235 4092 Omnipotens
1245 4016 1308 4090 quid
1318 4016 1390 4074 enim
1403 4030 1459 4072 non
1472 4011 1530 4083 ejus
1543 4009 1655 4068 dextera
1668 4009 1761 4083 possit,

221 4102 350 4159 Addictos
363 4115 469 4157 rursum
483 4101 545 4156 ritae
556 4102 689 4156 sententis
701 4103 808 4158 reddit:
1060 4111 1113 4179 Qui
1126 4109 1206 4179 gelidi
1219 4107 1316 4179 raptim
1328 4121 1432 4164 mersos
1445 4104 1495 4160 sub
1508 4101 1620 4173 gurgitis
1632 4098 1721 4156 rrrudas

222 4192 341 4259 litemus
355 4192 382 4246 5¹¹
395 4190 549 4259 militium
562 4190 642 4247 ‘⁰⁰⁰⁸
654 4206 716 4247 cum
730 4193 784 4247 liia
795 4194 911 4251 recurrit
1061 4203 1130 4261 Cum
1142 4202 1229 4258 risum
1243 4208 1285 4256 est
1296 4197 1391 4254 ardere
1400 4194 1472 4262 iacit,
1487 4191 1662 4262 dammasque
1677 4190 1726 4247 sub
1738 4190 1809 4260 ipsas

221 4284 293 4341 luter
302 4287 441 4355 lugentum
454 4284 588 4357 lamymas
598 4291 626 4342 et
638 4287 734 4355 gaudia
747 4286 835 4344 lletm.
1061 4295 1159 4364 illqere
1172 4290 1310 4348 inrectosl
1326 4285 1412 4358 etqui
1425 4300 1496 4341 nuuc
1509 4291 1631 4353 tempore
1642 4292 1727 4352 parvo

256 4373 435 4447 Posteaquam
448 4389 555 4431 rursum
568 4377 731 4447 speculatrix
745 4392 808 4432 arra
823 4389 916 4450 patere
1063 4384 1146 4440 Posse
1158 4381 1247 4453 perire
1259 4378 1382 4435 homines
1395 4374 1485 4431 docuit
1498 4370 1682 4441 mergentibus
1691 4368 1778 4434 undis,

222 4464 341 4529 duritiae.
354 4466 409 4523 boc
420 4467 480 4538 ipso
493 4467 573 4526 terris
585 4469 659 4539 quod
669 4470 751 4526 missa
761 4470 877 4540 receptis
1021 4469 1048 4530 D
1060 4473 1189 4533 Ostendet
1202 4470 1315 4527 ilammis
1328 4475 1409 4538 atque
1418 4463 1497 4522 undis
1510 4477 1590 4534 posse
1598 4461 1715 4518 renasci.

223 4551 279 4611 tion
293 4554 382 4623 rediit,
398 4557 481 4614 tedet
493 4557 584 4629 pigm
597 4557 717 4630 perterre
728 4559 854 4625 latebras,

716 4739 956 4847 nultus
996 4733 1352 4845 TERTIUS.

256 4924 333 4982 Talia
343 4931 550 4995 mentensium,
564 4933 730 4995 venturaque
741 4923 838 4982 sucula
849 4940 974 4993 cerneus,
1063 4923 1126 4981 Sive
1137 4937 1172 4979 es
1185 4921 1229 4978 his
1238 4935 1299 4993 quse
1309 4927 1380 4975 terra
1393 4913 1464 4987 parit
1474 4932 1482 4983 ;
1494 4927 1558 4969 uam
1567 4912 1682 4983 septima
1694 4920 1804 4981 queque

223 5014 281 5072 lluu
297 5016 371 5086 prim
383 5012 465 5071 cilicii
476 5014 623 5084 quidquam
633 5023 757 5072 servatus
770 5014 839 5071 inire
1064 5013 1126 5069 Aris
1138 5018 1294 5067 stemuutur
1306 5007 1405 5065 devota
1419 5002 1545 5061 animalia
1557 5002 1649 5059 sacris.

225 5106 370 5162 Constituit
387 5118 468 5174 quam
479 5118 556 5160 sacra
569 5103 625 5160 lieu
638 5104 786 5174 laudesque
796 5103 936 5177 rependet,
1064 5100 1196 5159 AEtlrcreo
1208 5109 1265 5154 tum
1277 5112 1342 5154 mox
1355 5095 1424 5165 ignis
1435 5092 1566 5149 demissus
1577 5091 1687 5164 olympo

225 5198 373 5268 [iratesque
386 5212 469 5254 evaso
479 5196 578 5252 relerat
589 5194 743 5252 discrimine
756 5195 824 5252 Noe.
1066 5191 1143 5269 Libat
1156 5190 1284 5248 odoratos
1293 5185 1326 5242 ad
1340 5199 1417 5242 sacra
1430 5182 1526 5239 altaria
1540 5181 1620 5245 letus,

226 5287 288 5345 llos
299 5290 378 5344 niteo
390 5303 468 5345 sacra
481 5293 629 5355 exsurgunt
641 5286 737 5341 altaria
751 5300 829 5351 sano,
1066 5281 1289 5349 Ambrosiumque
1301 5277 1357 5333 lieo
1371 5274 1484 5345 llagrant
1495 5271 1653 5327 holocausta
1666 5280 1803 5337 vaporem.
1854 5332 1859 5349 .

226 5378 393 5448 teucrique
406 5377 464 5435 baec
473 5378 561 5449 prima
573 5390 668 5431 recens
678 5375 773 5430 altaria
785 5374 910 5429 mundus.
1066 5375 1101 5430 Et
1112 5386 1266 5444 quenquam
1280 5367 1366 5425 nostri
1379 5366 1418 5422 nil
1429 5362 1550 5420 muueris
1562 5360 1671 5429 indiget,
1688 5358 1735 5414 ille

227 5469 310 5524 Antea
323 5476 398 5527 totus
409 5468 493 5532 euim,
507 5480 630 5523 courexo
643 5464 750 5520 tramite
762 5464 835 5529 cmii,
1068 5463 1166 5521 Totius
1178 5459 1270 5517 mundi
1283 5457 1465 5541 dominusque
1476 5454 1611 5522 beasque,
1626 5463 1739 5506 suorum

227 5556 363 5631 Templum
375 5559 490 5625 muudus
502 5566 572 5627 eret,
586 5564 643 5611 turm
655 5554 756 5611 dudum
768 5554 804 5610 ad
817 5566 895 5609 sacre
912 5552 1015 5624 paratis
1067 5552 1193 5608 bltanmn
1205 5547 1301 5605 ciliciis
1314 5544 1438 5603 venerari
1449 5548 1477 5600 ct
1489 5553 1602 5597 munere
1617 5538 1726 5609 gaudet.

228 5650 323 5720 adurit
335 5666 352 5709 e
364 5650 489 5721 moribus
502 5648 621 5720 septenis
631 5646 718 5705 bestia
731 5660 870 5718 praeceps,
1065 5642 1118 5711 Qui
1126 5639 1242 5715 lymphis
1254 5635 1365 5694 tandem
1376 5634 1416 5691 sic
1427 5630 1485 5688 Noe
1496 5630 1594 5685 aliatur
1607 5628 1748 5699 ademptis.

225 5740 280 5795 Scu
292 5738 431 5797 uolucrum
444 5754 479 5798 ex
492 5738 592 5810 specie,
604 5737 693 5796 mollis
705 5752 773 5807 quas
783 5735 897 5792 sustinet
910 5749 973 5800 aer;
1102 5731 1136 5787 Et
1149 5730 1172 5788 si
1185 5744 1269 5798 parsu
1283 5728 1343 5794 luit,
1358 5730 1434 5781 muto
1446 5726 1499 5793 pro
1512 5719 1637 5786 crimine,
1651 5732 1736 5790 penu

1607 4654 1842 4673 annunt—⁸—
