4034 6184
232 276 284 332 1363
684 262 712 320 S.
734 257 872 318 riuulo
889 254 1013 314 nolent
1031 252 1182 314 decori
1201 255 1372 316 menete.
1808 263 1860 319 cot

301 382 470 443 werne
490 379 615 440 siuedue
630 378 683 434 tuis
694 375 794 433 ᾶιιοιι
804 373 923 431 terentes
1035 374 1062 434 tt
1145 372 1234 442 Atque
1244 372 1336 429 itidem
1349 371 1453 443 aemio
1465 371 1588 430 diuersos
1597 373 1698 447 excipit
1711 390 1764 433 uno

303 475 453 546 obsequia,
468 473 567 542 exiguo
580 484 694 540 mnus
705 480 867 525 veneramur
880 463 984 520 bonore
995 480 1002 515 ι
1072 460 1110 518 111
1144 462 1267 520 ΛιιίΙιιιι
1279 477 1414 534 egressos
1429 464 1518 522 medio
1530 466 1649 538 spatiosa
1663 469 1755 539 pavito
1768 488 1774 524 :

201 635 214 655 .
232 570 286 628 ott
303 571 450 644 Sperantes
464 566 517 624 illis
529 563 728 628 exoratoribus,
743 569 773 617 ut
783 569 812 618 tu
1144 551 1223 620 Quod
1237 561 1330 611 tamen
1342 553 1483 613 ordinibus
1500 557 1613 614 structis
1625 572 1676 630 per
1690 560 1809 633 quinque
1823 564 1862 619 ῃῑ.

303 658 547 728 innobisoperum
556 650 775 726 ponasperiecta
790 659 899 706 tuorum
1155 660 1162 674 ·
1715 651 1830 726 [nusum

303 750 441 807 culmina:
456 737 1022 805 eteuuuctisbabitatormentibusadsis.
1144 736 1258 807 dqnuim
1271 738 1436 796 concharum
1450 750 1476 810 θ,
1486 740 1571 798 sedes
1582 741 1696 800 donata
1707 732 1805 804 ωιιίιι

491 856 609 916 pom
622 856 766 914 xmus·
1145 825 1291 897 ilarmore,
1301 829 1471 888 iniraoculis
1486 832 1574 903 aperit
1586 834 1863 904 spratlantibusarte·.

1182 916 1237 976 Sed
1250 919 1429 990 circumiectis
1441 921 1469 978 in
1479 923 1629 994 porticibus
1639 926 1751 997 spatiari

1074 1007 1110 1064 15
1144 1010 1229 1083 Copia
1242 1012 1315 1084 larga
1325 1013 1428 1084 subest,
1443 1013 1663 1087 interpositisque
1673 1018 1815 1077 columnas

238 1089 341 1146 Veteres
354 1089 385 1147 S.
399 1089 497 1146 Felicis
511 1088 633 1142 basilicus
648 1086 720 1141 none
733 1081 852 1165 edificiis
866 1086 959 1151 capet,
979 1093 1025 1159 no
1145 1103 1281 1161 Camenis
1293 1103 1379 1162 sm
1392 1105 1566 1174 mmmmm
1580 1115 1610 1163 et
1625 1108 1689 1166 inde
1700 1108 1816 1170 numm

233 1226 235 1231 .
268 1178 327 1216 umet
338 1176 446 1233 euntque
458 1159 627 1230 muqnificam
640 1172 699 1210 cem
714 1154 866 1224 baptisterio
880 1155 1023 1212 condrust,-

267 1247 361 1302 eatque
370 1229 478 1301 picturis
487 1239 512 1282 et
551 1224 748 1299 iqrummutibus
757 1230 843 1305 ornat.
857 1218 882 1273 tt
885 1235 932 1274 ota
941 1236 958 1272 ιι
968 1215 992 1274 N
995 1233 1025 1300 o-
1145 1194 1293 1266 ΔΝΜ
1301 1193 1380 1265 50001
1393 1198 1416 1268 ’t
1431 1196 1598 1268 pedibusque
1611 1200 1747 1305 1131107117
1762 1202 1841 1261 εἰσείς

265 1302 327 1357 1ιιιιο
341 1302 461 1371 episcopo
469 1297 525 1353 Ριιιι
538 1314 553 1352 o
566 1303 740 1360 consecratur,
750 1302 774 1347 et
785 1309 813 1347 nt
824 1291 871 1347 itta
883 1289 972 1345 eodem
982 1288 1026 1341 dre
1144 1283 1274 1355 Cernere,
1289 1300 1341 1343 nec
1353 1286 1459 1344 calcare
1472 1287 1550 1357 toln
1565 1295 1594 1345 ct
1607 1299 1757 1350 murtae
1769 1293 1865 1353 blando

267 1371 431 1442 baptistnotit
444 1379 470 1424 et
482 1367 646 1423 cunamen
663 1369 827 1421 mmm
838 1361 1018 1432 wilielmi·
1146 1377 1237 1434 ilirari
1250 1378 1359 1450 placido
1372 1379 1502 1437 salientes
1515 1396 1653 1440 murmure
1665 1382 1765 1442 ioum.

397 993 432 1034 b!
444 990 468 1033 8·
482 991 578 1034 mlcss
592 988 691 1031 illm.
705 984 811 1028 Olmii
825 985 853 1025 Χ.
903 1049 908 1058 ¹

339 1480 368 1537 ln
382 1479 559 1543 neunnubis
572 1475 950 1536 uoraresadnascituractu,
1075 1465 1110 1522 511
1144 1467 1204 1525 Non
1227 1468 1315 1526 solum
1335 1468 1450 1529 biberno
1462 1471 1594 1542 placitura
1616 1472 1644 1530 in
1662 1482 1788 1548 tempore
1801 1493 1864 1550 pre·
1988 1422 1989 1481 Τ

304 1571 431 1629 Etsolita
443 1570 554 1629 insolito
567 1565 832 1626 ooecuntsolemnia
844 1565 938 1621 ritu¹:
1720 1572 1778 1647 [ιω
1791 1582 1833 1630 aa

301 1662 496 1733 Materiemque
508 1660 589 1718 simul
600 1659 665 1716 mibi
677 1659 814 1725 carminis,
829 1666 857 1714 et
870 1654 950 1714 simul
959 1653 1024 1709 almi
1145 1649 1350 1721 Commoditas,
1373 1654 1439 1725 qula
1459 1655 1499 1713 sic
1520 1657 1587 1716 tecti
1605 1659 1684 1730 iuvat
1702 1663 1802 1720 umbra
1820 1678 1866 1735 per

301 1753 423 1810 Natalem
436 1752 575 1824 geminant
586 1751 702 1809 Febris:
721 1749 861 1806 insedibus
873 1745 933 1818 ejus
1034 1736 1059 1797 B
1714 1755 1833 1832 [aasunq

249 1844 268 1900 ti
301 1844 370 1902 Nata
384 1858 480 1902 recens
493 1857 577 1916 opera
591 1842 668 1911 hac,
687 1854 749 1913 quar-
766 1839 883 1897 rnotibus
901 1835 1020 1908 undique
1152 1836 1214 1913 ([1]
1225 1838 1302 1897 Sicut
1314 1839 1405 1912 aprica
1418 1841 1528 1914 placent
1539 1843 1568 1901 in
1580 1842 1690 1916 iriqore,
1705 1848 1866 1920 siccaqueit

896 1926 986 2002 [celsis
1723 1939 1834 2009 imbre.)

299 2028 417 2085 cernitis
430 2027 574 2086 emicuisse
585 2025 644 2097 pari
658 2023 827 2098 splendentia
840 2022 925 2080 cultu.
1187 2020 1269 2080 Parte
1278 2023 1331 2080 aiis
1343 2031 1420 2097 patet
1432 1938 1854 2100 exterior,quaecirq}toraeque

336 2119 398 2177 istic
407 2120 556 2192 porticibus
567 2127 581 2157 ¹
593 2120 648 2175 tate
660 2114 825 2174 cucumdata
838 2114 926 2183 longis
1146 2113 1217 2170 drea
1229 2115 1395 2186 porticibus,
1408 2116 1483 2173 cultu
1496 2117 1597 2187 minor,
1611 2134 1723 2189 equore
1736 2119 1834 2191 major.

302 2210 440 2268 vestibula
449 2210 488 2283 (ιιι
498 2209 628 2281 impluvio
637 2207 653 2248 1
663 2208 742 2263 tectis
751 2213 908 2263 reserantur
916 2211 1022 2275 aperto,
1075 2200 1110 2257 55
1145 2201 1215 2260 bute
1224 2219 1316 2262 sacras
1327 2205 1400 2264 aedes
1410 2205 1491 2278 lonqe
1504 2208 1651 2279 spectabile
1661 2210 1754 2282 pandit

302 2298 336 2359 Et
347 2301 428 2358 simul
442 2308 515 2357 astra
529 2299 625 2367 oeulis,
639 2298 804 2369 ingressibus
812 2294 881 2352 ania
890 2293 1022 2365 pandunt.
1147 2291 1325 2363 Vestibulum,
1333 2292 1433 2367 duplici
1441 2300 1652 2370 quaerstructis
1659 2301 1777 2370 teqrnine
1784 2301 1866 2367 cellis,

232 2399 267 2453 io
336 2395 393 2452 lllic
405 2393 537 2465 adiunctae
549 2394 561 2428 ¹
575 2390 716 2450 sociantur
728 2388 862 2445 moenibus
874 2386 955 2452 ruta,
1147 2383 1199 2442 Per
1214 2395 1404 2444 contentarum
1417 2390 1543 2446 coeuntia
1556 2390 1630 2460 tiqnn
1643 2390 1798 2461 domorum,

302 2486 457 2556 biduoque
470 2486 531 2543 sinu
545 2485 557 2518 ⁸
570 2482 649 2541 simul
663 2490 692 2539 et
703 2486 819 2537 coeunte
832 2485 957 2550 patentes
1144 2476 1255 2535 Castelli
1268 2480 1386 2551 speciem
1400 2481 1545 2539 meditatur
1555 2483 1672 2553 imagine
1685 2485 1766 2550 muri,

301 2578 410 2636 AEtnula
422 2576 555 2635 consonis
567 2574 684 2645 inomni
693 2569 799 2641 tasdqta
810 2570 902 2641 tignis,
1145 2568 1327 2641 cuneitttsque
1337 2570 1426 2628 lcrttro
1439 2572 1494 2630 late
1507 2575 1654 2645 spectabile
1668 2575 1770 2646 pandit.

302 2671 336 2726 Et
348 2670 459 2742 paribus
469 2669 550 2725 saria
563 2675 592 2724 et
601 2666 731 2739 speciose
744 2662 861 2721 cultibus
873 2669 982 2719 exstant
1075 2661 1110 2718 dd
1178 2663 1263 2734 Quale
1277 2666 1339 2723 loco
1348 2666 1454 2738 siqnurn
1466 2667 1542 2725 Felix
1556 2670 1726 2726 venerandus
1739 2670 1767 2727 ln
1780 2670 1836 2730 isto

302 2761 447 2828 llarmore,
462 2760 577 2832 pictura,
593 2759 774 2830 laquearibus,
783 2767 866 2831 ttqoe
879 2758 1023 2816 columnis.
1144 2753 1267 2813 Ediderit
1280 2772 1378 2829 nuper,
1392 2757 1474 2816 celeri
1486 2761 1603 2817 narrabo
1616 2760 1713 2818 relatu.

232 2856 268 2912 15
337 2855 412 2912 luter
424 2868 484 2927 quac
493 2861 521 2909 et
533 2851 647 2910 modieis
659 2852 779 2906 variatur
791 2849 880 2920 qratia
891 2849 985 2907 cellia:
1179 2846 1211 2903 ln
1223 2847 1312 2904 medio
1325 2849 1425 2921 campi,
1435 2858 1530 2907 eontra
1547 2850 1557 2891 ¹
1571 2851 1733 2910 uenerabilis
1747 2853 1817 2911 aula

301 2946 375 3017 Quas
386 2947 414 3003 in
428 2943 577 3017 porticibus
590 2943 656 3014 (qur
667 2940 680 2974 ⁸
693 2941 799 3012 tonnus
812 2947 1005 2998 nascentum
1146 2936 1251 2994 limina
1265 2938 1300 2995 de
1312 2939 1387 3009 ligno
1400 2940 1454 2998 duo
1465 2949 1539 2998 terta
1555 2942 1637 3013 tigilla
1651 2945 1816 3015 manebant,

301 3035 425 3094 Porticus
435 3035 463 3092 in
476 3034 593 3106 spatium
606 3039 695 3089 tractu
708 3030 881 3105 protenditur
894 3031 905 3064 ⁸
918 3034 985 3100 uno)
1145 3029 1300 3103 importuna
1311 3033 1376 3104 situ,
1389 3033 1468 3090 simul
1481 3043 1511 3091 et
1521 3032 1651 3092 deformia
1664 3036 1745 3105 uisu,

302 3125 445 3198 dppodtas
455 3124 535 3181 lateri
549 3124 601 3180 tria
615 3124 766 3180 comminus
779 3137 829 3180 ora
841 3122 995 3188 recludunt,
1036 3098 1060 3164 c
1074 3118 1110 3177 55
1144 3118 1209 3190 oue
1222 3119 1305 3179 decos
1315 3137 1396 3180 ontne
1409 3137 1523 3196 operum
1538 3124 1720 3195 perimebant,
1734 3125 1866 3198 improba,

301 3216 438 3287 Triuaque
450 3214 840 3272 cancelliscorrentibusostia
856 3225 868 3254 ο
883 3212 1022 3284 pandunt:
1711 3217 1796 3293 [todo
1810 3220 1835 3253 ⁸·

230 3308 265 3366 itt
299 3307 460 3379 ilartyribus
468 3305 675 3378 mediantplctis
689 3307 733 3377 pia
747 3306 856 3363 nomina
867 3307 988 3377 siniant,
1144 3304 1238 3378 obiice
1261 3316 1435 3381 prospectum
1458 3308 1589 3371 nocentia
1607 3318 1640 3363 t:
1672 3324 1790 3381 namque
1816 3325 1867 3382 pn·

299 3397 437 3468 Quospar
451 3397 479 3452 in
493 3396 568 3452 tario
586 3394 912 3466 redimivitqtoriaseru.
1740 3398 1836 3473 [tentis

301 3491 337 3546 et
349 3490 470 3561 reminas
482 3495 614 3560 quaeunt
627 3487 722 3545 dextra
736 3488 857 3559 mraque
868 3497 1003 3561 patentes,
1145 3487 1232 3546 lanua
1246 3489 1377 3559 basilice,
1391 3490 1479 3563 tuguri
1493 3490 1585 3550 breuis
1597 3492 1742 3564 interiectu
1756 3494 1778 3529 ¹⁸

301 3581 377 3639 Binis
388 3580 510 3637 historiis
523 3586 602 3637 ornat
616 3581 721 3652 pictura
735 3578 831 3638 tidelis.
1144 3579 1302 3650 Obscurmn
1317 3580 1391 3638 iores
1403 3583 1541 3642 incanum
1555 3583 1647 3641 clausa
1660 3584 1780 3657 patebat.

302 3669 388 3730 llnam
401 3678 557 3729 mortorum
571 3668 709 3742 complent
721 3684 797 3727 sacra
807 3678 883 3741 qesta
892 3670 1021 3739 tiroronr,
1179 3672 1243 3731 lires
1257 3673 1365 3730 amoliri
1375 3674 1548 3746 cupientibus
1562 3676 1642 3733 obtin
1654 3676 1743 3747 nobis,

230 3764 265 3824 tt
299 3763 384 3823 lubus
394 3762 549 3820 uolneribus
562 3770 692 3829 tentatus,
705 3762 807 3821 lumine
817 3762 898 3820 Tobit
910 3764 933 3819 ⁸.
1074 3764 1108 3822 711
1143 3764 1230 3822 Verba
1249 3764 1352 3822 dabant
1370 3764 1450 3822 tectis
1463 3766 1509 3838 qui
1523 3769 1695 3826 metabantur
1713 3769 1741 3825 iu
1756 3769 1822 3839 illis,

299 3860 351 3916 Ast
362 3858 445 3915 aliam
458 3870 540 3914 sexus
552 3856 643 3914 minor
656 3855 772 3926 obtinet,
787 3856 879 3913 inclita
891 3855 993 3923 luditb,
1142 3854 1325 3926 iurabantque
1338 3857 1414 3929 prius
1426 3857 1509 3914 uitam
1522 3872 1553 3915 se
1562 3873 1642 3930 posse
1651 3860 1760 3932 pacisci,

298 3950 358 4019 Qua
367 3949 447 4006 simui
459 3955 488 4005 et
500 3948 595 4018 regina
607 3955 705 4019 poteris
718 3945 872 4017 depingitur
883 3944 994 4004 Esther.
1146 3947 1233 4017 Quam
1243 3949 1303 4019 coqi
1314 3950 1431 4019 migrare
1443 3949 1519 4007 locis.
1532 3950 1687 4009 'lemnenda
1697 3953 1805 4026 quidem
1813 3971 1866 4013 ror

335 4040 452 4098 laterior
463 4038 548 4095 variis
560 4038 701 4094 ornatibus
713 4052 778 4093 area
791 4037 872 4103 ridet,
1142 4037 1195 4096 lsta
1204 4039 1364 4096 ridebatur:
1378 4040 1425 4097 sed
1439 4051 1510 4112 crat,
1521 4042 1617 4112 iateor,
1631 4044 1699 4100 mibi
1713 4045 1829 4119 idipsum

298 4130 481 4208 mm
493 4129 567 4186 lecta
583 4131 687 4201 super¹
703 4128 783 4184 tectis
803 4140 833 4185 et
851 4138 945 4201 cperta
961 4130 1023 4188 luce
1142 4128 1270 4187 invidiae:
1287 4130 1487 4188 tudebnesim
1501 4132 1663 4192 reitincere
1676 4136 1745 4192 rixa.

872 4218 988 4293 [serenis
1071 4217 1108 4274 75
1176 4219 1738 4295 lnwreaquadamiripriinamJumnoctc
1747 4227 1865 4300 quietem

229 4315 265 4373 511
299 4310 464 4376 Frontibus,
494 4315 577 4378 atque
597 4305 665 4363 inira
687 4306 773 4364 niueis
790 4305 804 4345 1
827 4308 953 4365 redimita
975 4323 1023 4366 eo·
1142 4310 1263 4384 Carpere
1276 4313 1372 4384 sopitis
1385 4315 1565 4387 coeptantibus
1577 4334 1585 4371 z
1603 4332 1667 4374 ecce
1681 4319 1783 4377 relictis

861 4397 982 4471 [inmun.
1145 4399 1292 4461 Prosiliens
1304 4403 1421 4461 scintilla
1434 4404 1512 4473 iocis,
1525 4406 1654 4464 eonilavit
1666 4408 1693 4465 iu
1707 4425 1761 4466 una

334 4490 419 4561 eujus
428 4487 593 4561 inexposita
606 4488 756 4559 praelucens
768 4488 913 4545 cantianus
922 4496 1021 4555 exstat,
1036 4465 1063 4527 ⁰
1144 4493 1281 4552 caunum
1295 4495 1414 4567 ipsarum
1428 4495 1549 4564 latebra,
1564 4497 1599 4555 de
1612 4499 1741 4557 stramine
1754 4499 1831 4572 tuni,

299 4581 386 4651 Quem
400 4579 551 4638 mucellato
564 4579 632 4650 tegit
643 4592 716 4635 arca
729 4577 847 4634 eulmine
861 4578 952 4634 torris.
1142 4583 1204 4655 Quo
1217 4585 1287 4644 iorte
1300 4587 1448 4655 inciderat,
1471 4588 1590 4646 subitum
1611 4589 1720 4661 triten:
1746 4606 1864 4663 moxque

337 4669 587 4743 detendispositis
597 4666 970 4726 stantrasasobacreuudo
1671 4681 1831 4755 [parm

298 4763 454 4832 Fonticnlis,
465 4771 543 4832 qrato
556 4760 632 4819 uarie
642 4760 742 4832 quibus
755 4758 850 4815 ordine
862 4755 922 4816 dxis
1074 4765 1109 4822 ab
1144 4765 1215 4824 Fusa
1226 4782 1330 4838 casam,
1345 4778 1375 4825 ut
1388 4769 1459 4827 sires
1472 4769 1600 4828 alimenta
1612 4786 1662 4842 per
1675 4774 1751 4829 arida
1765 4776 1847 4846 cepit,

229 4855 264 4912 511
298 4854 416 4912 bbstdu
427 4854 494 4911 artis
506 4851 737 4923 optestonwrdtl
749 4865 818 4907 '0⁰³
832 4848 946 4917 metalli,
1144 4857 1283 4928 lugentem
1297 4858 1383 4930 naqib
1396 4860 1487 4933 rapuit
1499 4861 1534 4918 de
1546 4861 1641 4920 iornitc
1654 4862 1790 4921 dammnn
1803 4883 1812 4935 3

302 4943 415 5014 Unaque
428 4942 535 4998 ovano
548 4939 608 4996 tuit
620 4954 670 4996 ore
684 4940 810 5009 emerus
824 4937 906 4996 unda·
1144 4946 1179 5004 tu
1191 4948 1263 5006 tamt
1276 4951 1351 5023 rapsa
1363 4966 1414 5023 per
1425 4952 1514 5023 patna
1528 4953 1600 5024 tigna
1614 4955 1712 5010 verno

334 5034 457 5092 Basilidis
469 5032 527 5089 bec
533 5030 626 5102 iuncta
637 5029 733 5099 tribus,
744 5036 819 5102 patet
830 5044 893 5087 arta
904 5029 1019 5098 melis.
1143 5039 1275 5098 Criminis
1287 5056 1434 5113 erumpens
1445 5060 1453 5111 ;
1467 5046 1573 5115 maguis
1586 5046 1710 5103 incendia
1722 5049 1804 5106 torsit

298 5127 477 5196 diversosque
487 5123 577 5181 aditus
589 5136 624 5179 ex
638 5137 692 5178 uno
705 5121 798 5194 pandit
811 5122 845 5179 ad
859 5138 965 5191 omncs,
1143 5136 1261 5196 Turbida
1275 5140 1440 5209 chqbw
1453 5140 1623 5214 0311quoe
1635 5158 1684 5216 W
1693 5158 1757 5201 ,θη
1767 5146 1865 5204 nm,

262 5280 277 5309 ⁰
292 5266 359 5325 Vide
367 5275 426 5323 not.
443 5264 506 5321 515.
1107 5275 1116 5290 ·
1131 5268 1266 5339 Scriptum
1280 5285 1352 5326 anno
1366 5269 1429 5335 1115,
1446 5269 1491 5327 die
1504 5270 1539 5325 11
1553 5269 1663 5327 lanuar.

262 5339 277 5381 t
291 5337 320 5394 ld
333 5346 385 5399 est.
400 5338 479 5392 atrio.
495 5335 562 5392 vide
571 5343 629 5391 not.
641 5333 693 5391 1117
707 5341 735 5389 et
748 5332 809 5390 515.
1108 5338 1147 5411 (ιι)
1162 5338 1211 5395 bls.
1227 5335 1319 5395 Germ.
1332 5341 1435 5405 codex,
1450 5341 1550 5397 incluso
1566 5344 1635 5397 tecti.
1650 5341 1720 5399 Edltl
1732 5343 1863 5417 quinque,

263 5421 276 5451 ⁰
292 5408 426 5466 Videnot.
440 5407 503 5461 517.
1071 5410 1100 5464 in
1114 5410 1187 5464 ebro.
1203 5408 1270 5465 Vide
1283 5420 1341 5466 not.
1357 5409 1407 5464 167
1422 5419 1451 5466 et
1463 5409 1527 5466 516.

262 5479 276 5519 i
291 5477 377 5535 idest
391 5495 424 5532 ec
436 5492 576 5532 marcore.
1108 5480 1135 5550 (1
1161 5478 1210 5536 llic
1224 5494 1319 5536 tersus
1332 5480 1439 5536 additus
1453 5495 1485 5536 er
1497 5497 1548 5537 rus.
1565 5481 1659 5544 codice
1671 5480 1862 5544 Germanensi.

261 5549 357 5604 ·vide
376 5556 434 5604 not.
455 5546 516 5603 518.
1108 5552 1134 5620 (r
1160 5546 1198 5604 ita
1212 5552 1381 5609 correximus
1395 5565 1428 5609 ox
1440 5566 1491 5609 ms.
1504 5550 1596 5610 Germ.
1611 5551 1682 5611 Ante
1695 5566 1754 5612 crat
1766 5556 1861 5627 prino,

264 5619 274 5657 ¹
295 5616 322 5673 ld
337 5628 378 5674 est
391 5635 481 5689 prope.
1071 5619 1210 5678 mendose.

262 5698 274 5736 t
290 5687 371 5756 Gall,
385 5690 428 5761 qni
441 5687 616 5758 supernatent
626 5687 652 5744 lo
668 5705 724 5746 tta.
