4034 6184
269 264 338 319 itit-59

813 260 845 315 ll.
868 258 1003 317 tantist
1024 257 1326 319 uuintcunbtttusts

1834 260 1903 316 tillio

266 378 567 447 beatitatemressarn
577 373 729 430 nimborum
740 386 830 444 pugna
841 371 985 443 tragorenr.
1070 379 1095 435 Α
1110 372 1281 444 Nequaquam
1295 375 1328 431 ad
1340 375 1450 431 redunt
1461 372 1573 429 uberius
1581 378 1747 429 contundere
1758 374 1850 444 ripam

267 466 408 523 intremuit
421 466 500 522 tellas
513 466 622 535 imoque
635 478 748 520 excussa
761 464 896 534 prolundo

267 556 381 627 llespuit
394 556 525 629 impositae
538 555 693 611 fundamina
708 553 825 626 pendula
841 555 928 608 molis.

266 646 407 717 llisjiciena
419 661 541 718 sparsam
555 645 650 716 procul
663 660 679 701 a
691 657 821 716 compage
830 645 936 700 ruinam

266 735 302 792 Et
315 752 363 809 per
372 751 456 807 prona
470 745 563 792 rotans
576 735 704 806 disrupta
716 734 846 804 fragmina
860 734 948 799 molis,

266 828 523 885 brintanorum
538 829 605 896 noa,
619 835 645 884 te
655 828 777 898 supplice
787 825 911 884 Christus

265 917 324 973 lam
332 933 433 990 pronos
442 918 516 974 celso
526 917 637 973 siccavit
650 918 750 973 inaure
761 917 877 972 nimbos.

265 1009 307 1065 Ad
322 1018 367 1064 tua
378 1017 441 1064 rota
455 1009 552 1064 iterum
567 1009 670 1064 celeres
680 1007 783 1063 rediere
795 1008 937 1077 procellae,

265 1098 392 1155 decincta
404 1107 433 1155 et
445 1099 572 1170 grauibus
586 1098 720 1169 nigrantia
734 1098 824 1154 nubila
838 1100 927 1155 uentis

265 1190 382 1247 Parcere
393 1191 467 1262 jussa
477 1192 553 1260 satis,
566 1190 668 1246 validas
675 1190 826 1262 rumpentia
841 1191 926 1246 moles

265 1283 355 1340 llollia
369 1284 543 1354 graminibus,
559 1282 686 1352 durisque
697 1282 809 1338 immitia
820 1282 902 1337 saris.

299 1374 355 1430 llec
369 1374 457 1428 minus
477 1373 530 1429 boc
542 1373 668 1428 meritum
681 1371 777 1440 luerit,
791 1387 841 1427 nec
854 1371 962 1442 dispare
975 1384 1056 1427 causa

262 1463 355 1520 Gloria
369 1463 515 1519 consimilis
527 1462 626 1534 pariles
638 1462 741 1518 imitata
765 1462 928 1533 triumphos,

263 1552 369 1609 idolica
380 1552 495 1627 elligiem
508 1553 655 1610 nobissima
668 1551 753 1609 lnlcra
767 1553 901 1609 columnae

263 1644 408 1703 Tollebant
417 1646 518 1717 junctis
531 1647 625 1719 procul
638 1645 673 1702 ad
684 1646 808 1704 sublimia
823 1647 896 1702 saxis

262 1735 351 1792 dltlor
364 1744 395 1792 ut
403 1737 509 1807 species
518 1736 641 1806 solioque
651 1736 748 1794 elatior
758 1737 812 1794 isto

262 1826 417 1898 bespioerea
426 1828 551 1882 miseram
565 1826 681 1884 conlicto
691 1829 803 1883 numine
817 1827 933 1898 plebem.

262 1913 341 1972 llanc
351 1928 459 1986 quoqne
473 1914 589 1972 llartino
598 1916 718 1987 cupienti
732 1926 856 1973 euertere
870 1917 968 1974 molem

260 2007 358 2066 Cuncti
369 2009 511 2066 doluerant
521 2009 555 2066 ad
570 2010 635 2065 talia
647 2018 710 2066 rota
724 2018 832 2081 parato,

260 2098 315 2156 Sed
326 2115 388 2171 spes
402 2099 437 2157 ad
450 2100 594 2156 bominum
607 2115 715 2172 semper
728 2099 826 2157 lestina
845 2101 981 2156 manebat.

260 2190 331 2263 llrgo
344 2202 374 2248 ut
387 2192 491 2263 pcmlci
504 2191 637 2248 revolavit
650 2192 684 2248 ad
696 2192 798 2248 aethera
813 2206 893 2247 sensu

260 2283 452 2353 auxiliumque
465 2284 548 2339 cltum
559 2283 689 2340 coelorum
701 2298 717 2338 a
727 2282 801 2352 Rege
813 2281 947 2354 poposcit;

259 2372 341 2442 lgnea
354 2373 502 2431 consimilis
513 2374 616 2445 specie,
627 2373 675 2430 sed
689 2374 789 2429 lumine
799 2373 900 2444 dispar,

259 2463 424 2519 Courminuit
436 2465 560 2534 fragilem
573 2464 682 2536 delapsa
692 2465 817 2522 columna
828 2464 933 2519 ruinam

258 2553 411 2625 Sulphurea
423 2556 569 2613 advolvens
582 2557 746 2627 crepitantes
758 2554 866 2609 llamnra
876 2553 997 2623 lucillus,

258 2643 419 2702 Fumantem
432 2644 559 2701 attollens
573 2645 697 2702 ambusto
710 2659 726 2700 e
739 2644 849 2717 pulvere
859 2644 968 2711 nubem,

258 2734 349 2805 Atque
361 2734 544 2791 exundantem
557 2742 717 2807 consumpta
728 2736 801 2792 mole
814 2750 952 2807 uaporem.

257 2823 304 2881 Sic
317 2824 411 2893 rutilo,
425 2824 552 2893 llartine,
566 2825 646 2897 polo,
660 2826 701 2884 sic
713 2826 822 2883 turbine
833 2826 907 2882 renti

257 2913 404 2974 Connmls
417 2918 540 2988 geminos
550 2918 594 2975 tel
607 2918 688 2987 nube,
703 2918 747 2975 rel
760 2918 822 2989 igne
835 2917 994 2989 triumphos.

257 3006 312 3067 Nec
323 3009 421 3067 mirum
435 3018 466 3067 nt
478 3006 603 3067 dominus
614 3024 696 3067 seruo
705 3009 838 3083 promissa
853 3008 926 3067 tacit

1110 461 1148 518 'le
1158 464 1241 534 jubeo
1256 484 1263 518 ε
1277 466 1354 523 stetit
1366 467 1394 520 in
1404 464 1493 520 medio
1504 463 1577 519 mala
1590 464 1676 519 bestia
1688 460 1782 530 ducta,

1109 551 1143 609 Et
1156 554 1256 611 tractos
1268 555 1371 626 rigidus
1386 562 1481 625 torpor
1492 552 1640 609 connexuit
1651 562 1736 616 artus,

1108 641 1280 714 ilembraque
1288 645 1395 716 captiuo
1409 644 1538 716 paulatim
1553 644 1656 699 benere
1666 652 1777 708 natata,

1108 730 1200 789 Donec
1211 734 1342 804 prauam
1353 733 1497 805 praestricti
1507 733 1620 802 gurgitis
1630 740 1698 788 aestu

1108 822 1247 893 Languida
1260 840 1393 896 pmmuao
1404 825 1540 882 lluitareut
1553 826 1623 881 colla
1635 824 1778 895 prolando,

1107 911 1141 968 Et
1150 923 1224 971 retro
1233 917 1395 973 seminecem
1411 917 1494 973 terret
1504 916 1582 988 piger
1592 917 1685 972 alueus
1696 931 1825 986 argaeum

1108 1004 1197 1076 litque
1208 1007 1310 1063 utinam
1324 1020 1446 1064 nostrum
1457 1008 1539 1066 simili
1552 1010 1651 1064 uirtute
1663 1024 1811 1075 uenenum,

1108 1094 1185 1162 Quod
1198 1099 1269 1155 male
1282 1107 1441 1158 transcursa
1455 1100 1560 1155 uitiauit
1573 1100 1674 1156 lubrica
1685 1099 1749 1155 uitae

1108 1189 1273 1259 immergens
1282 1192 1376 1264 rapido
1389 1206 1500 1262 semper
1511 1204 1573 1247 urea
1593 1191 1705 1246 crimina
1718 1190 1810 1256 sacto,

1108 1278 1255 1337 Connemat
1268 1282 1354 1338 sancti
1367 1283 1507 1338 miseratio
1519 1280 1571 1337 lida
1582 1282 1700 1352 pauoni,

1107 1371 1194 1442 cogat
1206 1381 1235 1429 ot
1245 1373 1335 1430 oblita
1346 1389 1439 1430 rursus
1451 1373 1607 1430 memiaioee
1619 1373 1722 1439 salutis,

1107 1465 1147 1522 Ne
1159 1480 1246 1537 prona
1256 1467 1284 1521 in
1297 1467 1371 1522 luteo
1384 1474 1538 1535 mergantur
1547 1465 1667 1521 membra
1677 1464 1825 1536 prolundo,

1107 1557 1239 1614 lnlectum
1252 1565 1281 1614 et
1292 1557 1401 1613 madeat
1415 1557 1540 1613 uitiorum
1554 1557 1659 1626 gurgite
1669 1572 1779 1626 corpus,

1107 1649 1161 1706 Sed
1171 1649 1281 1706 stabiles
1293 1664 1399 1704 sursum
1409 1649 1539 1705 uirtutum
1552 1650 1578 1704 in
1594 1649 1714 1718 margine
1727 1661 1847 1718 gressus,

1072 1741 1234 1804 Blasistant
1246 1741 1318 1809 lldei,
1330 1749 1437 1797 terrena
1451 1748 1478 1797 et
1487 1740 1583 1811 gaudia
1596 1740 1712 1804 calcent,
1742 1770 1747 1777 -

1106 1830 1224 1902 nmque
1236 1830 1322 1889 fluunt
1333 1832 1415 1889 celeri
1428 1831 1538 1902 cupiant
1552 1829 1669 1887 eradere
1684 1831 1755 1885 nisu

1106 1921 1164 1979 lloc
1173 1930 1278 1979 tantum
1291 1930 1320 1979 et
1329 1922 1439 1993 paulurn
1449 1921 1592 1979 surmistam
1606 1921 1639 1976 ad
1650 1919 1759 1976 llumina
1777 1929 1844 1977 roto

1104 2013 1174 2069 llum
1183 2014 1250 2070 clari
1263 2015 1356 2071 titulos
1368 2015 1492 2072 recolens
1501 2029 1630 2085 percurm
1643 2014 1766 2084 patroni,

1105 2100 1146 2158 td
1159 2103 1236 2172 cuius
1249 2103 1376 2159 meritum
1387 2103 1507 2173 gaudens
1518 2117 1549 2159 se
1557 2101 1673 2159 subdere
1686 2103 1774 2158 sancti

1105 2193 1198 2248 Paruit
1212 2193 1332 2264 imperiis
1342 2194 1477 2263 iussorum
1488 2207 1586 2263 gurges
1597 2208 1738 2263 aquarum.

1138 2280 1302 2339 Condnunm
1322 2298 1431 2354 semper
1440 2282 1543 2353 ieiunia
1556 2282 1636 2339 ducta
1646 2296 1807 2353 perannum

1104 2371 1242 2428 laxabant
1254 2373 1365 2444 paulum
1376 2381 1477 2430 sancte
1492 2373 1622 2430 summula
1636 2371 1746 2429 Pasclrn
1761 2390 1768 2427 :

1103 2461 1193 2519 ilititu
1205 2463 1249 2521 lais
1262 2471 1368 2520 tanturn
1381 2465 1519 2521 cruciabat
1532 2464 1651 2520 membra
1664 2465 1769 2521 diebus.

1102 2552 1171 2611 'lum
1181 2556 1269 2613 sulum
1278 2555 1402 2627 exiguam
1415 2556 1516 2627 piscem
1531 2555 1655 2612 sumebat
1664 2555 1691 2610 in
1704 2570 1805 2611 escam

1101 2645 1156 2703 Sed
1169 2645 1233 2702 dum
1246 2647 1366 2703 veritaris
1379 2651 1520 2704 servantur
1533 2654 1655 2716 tempora
1668 2646 1753 2716 signis

1101 2734 1239 2793 Consueta
1250 2736 1334 2794 otton
1348 2744 1440 2794 notum
1453 2743 1566 2808 captura
1580 2736 1682 2792 lelellit

1100 2825 1149 2884 llle
1161 2827 1207 2883 nbi
1220 2828 1371 2899 piscaniam
1381 2842 1481 2884 nanum
1491 2826 1601 2883 lluxisse
1609 2826 1741 2893 laborem,

1100 2919 1220 2988 binaque
1239 2934 1289 2990 per
1297 2934 1411 2975 uacuum
1422 2916 1542 2974 lluitasse
1555 2925 1666 2973 utenta
1680 2914 1843 2986 prolunduus

1099 3008 1216 3079 Agnovit
1227 3008 1347 3079 querulis
1357 3016 1518 3066 moerentum
1530 3022 1669 3063 murmure
1682 3005 1787 3074 uerbis,

256 3096 325 3157 Tam
337 3109 432 3158 sancto
446 3102 572 3174 impleret
581 3101 692 3169 lamule,
703 3102 749 3176 qui
758 3101 864 3158 dixerat
877 3101 941 3159 olim
1060 3108 1084 3173 c
1098 3096 1165 3153 Nam
1176 3098 1286 3169 reliquis
1300 3113 1417 3170 prensens
1426 3098 1522 3155 dicbus
1535 3097 1667 3154 diaconus
1679 3098 1745 3152 satis
1758 3112 1807 3151 ore
1823 3096 1894 3154 lideli

256 3191 385 3248 Attonitis
397 3194 509 3249 nimium
523 3201 598 3249 tanta
612 3193 647 3249 ad
658 3194 787 3249 miracula
800 3194 895 3261 sertis,

260 3279 326 3338 linc
334 3294 405 3338 uer-n
415 3282 476 3339 lidei
490 3298 550 3339 sese
564 3283 726 3339 documenta
738 3283 872 3349 daturum,

256 3367 293 3425 llt
302 3367 405 3439 maiora
418 3368 515 3427 laurum
529 3370 670 3428 credentes
679 3371 755 3441 signa
765 3371 922 3442 probarent.

255 3459 325 3527 Quid
338 3461 435 3518 mirum
446 3469 488 3518 est
498 3462 593 3518 eadem
603 3462 745 3518 Dominum
759 3462 910 3532 complesse
918 3464 1047 3521 latentem

255 3548 307 3607 Per
320 3565 414 3608 seruos
425 3552 471 3623 qui
485 3552 561 3623 plura
575 3552 627 3624 piis
639 3551 774 3623 spondere
786 3552 925 3625 mirristris,

254 3640 383 3711 Dignatus
392 3658 497 3700 sursum
511 3642 636 3700 sublimia
649 3642 732 3700 eorda
743 3642 868 3714 pararit?

287 3733 356 3791 Nam
367 3734 445 3792 sicuti
459 3734 551 3806 prodit
564 3735 682 3793 caletis
696 3735 793 3807 pagina
805 3734 867 3789 libri

254 3822 408 3881 Femineam
422 3832 521 3881 testata
534 3824 614 3881 fldem
623 3832 686 3895 post
697 3821 809 3881 llumina
822 3824 898 3880 multi

253 3914 406 3986 Sanguinis,
420 3920 448 3972 ct
462 3916 567 3972 tristem
585 3925 745 3987 consumpto
758 3931 873 3989 corpora
885 3915 974 3972 tabern

252 4004 362 4062 dtmctu
375 4006 458 4063 restis
471 4007 589 4063 celerem
602 4019 737 4062 remeasse
749 4007 883 4063 salntem:

253 4094 297 4153 Sic
309 4097 372 4153 data
386 4097 502 4153 blartlnu
512 4103 554 4153 est
566 4095 689 4166 ejusdem
702 4096 787 4166 gloria
803 4095 879 4165 lacti,

253 4184 306 4243 Sed
319 4194 431 4243 maante
442 4184 510 4252 ileo,
524 4186 654 4255 quinune
666 4198 775 4255 quoque
786 4186 874 4242 celsus
885 4187 911 4243 in
926 4201 990 4244 arce

253 4273 390 4335 stellantis
400 4272 462 4330 solii
472 4273 545 4343 tangi
557 4287 606 4345 per
619 4274 738 4330 membra
749 4276 889 4346 probatur,

252 4360 317 4429 Quae
329 4362 409 4432 rapiti
420 4370 523 4418 aeterno
536 4370 630 4419 sancta
641 4378 773 4435 compage
788 4367 934 4423 cohaerent.

286 4452 356 4521 Quid
367 4466 423 4512 non
436 4454 501 4510 ruite
513 4455 570 4528 pio,
584 4470 644 4528 qua
657 4471 712 4513 non
722 4456 844 4529 subjecta
855 4457 925 4515 lrdcll

252 4544 369 4603 llonstra
378 4546 458 4605 uiro?
468 4547 537 4618 jussi
549 4548 681 4619 parebant
693 4550 790 4621 saepius
804 4565 915 4621 angues,

251 4636 307 4694 llec
316 4641 426 4696 suberat
439 4639 517 4697 uictis
531 4639 624 4697 leritas
635 4650 750 4712 cognata
760 4645 883 4699 uenenis.

198 4782 203 4789 ,
251 4724 386 4784 Tranabat
398 4730 470 4786 virus
482 4737 593 4802 propter
606 4729 673 4786 rada
686 4732 809 4801 proxima
822 4748 933 4804 serpens

251 4814 287 4872 lit
298 4818 398 4875 uitreas
411 4819 531 4876 sulcabat
544 4835 637 4892 aquas,
652 4821 778 4878 exstabat
790 4822 825 4879 ab
840 4824 920 4880 undis

251 4905 318 4963 Cum
329 4908 434 4964 ceruice
447 4918 537 4981 caput,
553 4910 671 4968 llndebat
682 4921 793 4985 pectore
803 4928 937 4970 summum

251 4997 374 5055 Festinus
384 4994 503 5067 nmium,
519 5002 637 5073 reliquos
649 5020 700 5076 per
713 5006 811 5062 caerula
825 5015 926 5066 tractus

250 5085 390 5145 Flectebat
403 5089 478 5146 nario
491 5091 640 5150 sinuamina
654 5095 757 5153 lubrica
766 5106 852 5165 motu,

250 5176 410 5252 intorquens
422 5182 495 5239 lauis
507 5193 616 5239 curvata
629 5186 767 5243 volumina
779 5187 883 5257 cauda,

249 5270 285 5328 Et
297 5272 405 5330 uibrans
415 5274 557 5329 trenmlam
571 5276 696 5332 meditata
711 5279 738 5334 in
747 5278 857 5334 uulnera
872 5279 998 5349 linguam.

249 5370 328 5429 llunc
337 5374 382 5429 nbi
393 5373 439 5430 uix
451 5374 539 5430 medio
552 5374 681 5432 llartinus
694 5378 722 5433 in
732 5393 840 5450 aequorc
853 5380 920 5437 uidit

249 5468 388 5542 Contiguus
400 5488 544 5544 properum
556 5474 722 5555 jamjamque
735 5479 863 5535 accedero
873 5489 962 5551 terrae,

248 5568 384 5644 Compulit
395 5574 539 5633 blsdlctis:
553 5575 659 5647 Raptim
669 5591 790 5634 remeare
804 5589 948 5638 retrorsum

249 5666 412 5728 obstrictam
423 5675 520 5732 virtute
531 5676 589 5745 lici,
600 5675 643 5733 uel
653 5677 763 5735 nomine
775 5677 883 5736 Christi.

1100 3187 1268 3260 astipulator
1281 3198 1349 3254 erat,
1364 3203 1445 3259 quem
1455 3205 1519 3246 cura
1530 3190 1674 3244 instantior
1688 3189 1767 3257 buius
1812 3188 1876 3261 [sict

1097 3277 1224 3348 Obsequii
1236 3278 1345 3347 uigilem
1357 3293 1509 3349 praegressa
1525 3291 1646 3351 tempora
1661 3280 1749 3336 noctis

1096 3366 1131 3422 Et
1142 3368 1241 3424 lassum
1254 3376 1350 3424 exacta
1363 3370 1504 3439 presentis
1517 3380 1593 3441 parte
1606 3369 1660 3426 diei

1097 3462 1204 3518 Testem
1216 3461 1369 3519 comnmnis
1384 3461 1502 3519 faciebat
1512 3462 1606 3519 adesse
1620 3464 1730 3520 laboris.

1096 3549 1179 3622 Cujus
1190 3560 1221 3608 ut
1233 3552 1357 3610 anxietas
1370 3552 1456 3610 sancu
1465 3553 1509 3623 pia
1519 3552 1623 3609 uiscera
1636 3555 1722 3609 munit

1095 3639 1237 3697 l’ermotus
1250 3657 1368 3699 maerore
1381 3643 1437 3716 pio,
1451 3657 1544 3713 perge,
1558 3643 1654 3713 inquit,
1669 3652 1698 3700 et
1708 3659 1817 3699 ananam

1095 3731 1267 3790 Transcumis
1279 3749 1396 3806 propere
1408 3735 1493 3792 solers
1502 3745 1625 3793 scrutare
1640 3735 1762 3801 fluentis;

1094 3822 1154 3878 lant
1167 3823 1215 3879 tibi
1227 3825 1361 3896 captivam
1375 3825 1538 3881 concludent
1547 3826 1615 3882 retia
1627 3826 1753 3897 praedam.

1093 3914 1151 3972 Nec
1162 3929 1239 3970 mora
1250 3930 1257 3968 ε
1271 3913 1399 3971 coulusus
1408 3916 1476 3971 tanti
1486 3932 1612 3973 sermone
1625 3919 1746 3987 magistri

1094 4007 1214 4065 Festinat
1225 4008 1364 4076 dlaconus,
1376 4008 1483 4080 trepido
1496 4025 1559 4080 spes
1570 4010 1674 4067 reddita
1688 4020 1750 4068 soto
1765 4021 1818 4077 est,

1093 4100 1149 4157 Neu
1161 4100 1244 4156 dilata
1254 4100 1318 4156 licet
1330 4115 1475 4171 properum
1485 4109 1597 4171 captura
1607 4100 1710 4158 lelellit.

1092 4192 1159 4247 llam
1170 4191 1293 4248 simulac
1306 4190 1412 4247 modico
1425 4192 1510 4262 sepsit
1523 4192 1590 4248 uada
1604 4193 1726 4262 proxima
1741 4192 1798 4247 lino

1092 4283 1217 4341 Incussus
1227 4283 1336 4340 tremuit
1344 4292 1449 4340 memte
1462 4286 1564 4342 curtim
1574 4284 1646 4341 lunis

1092 4372 1249 4444 implicitam
1263 4373 1380 4447 prodens
1393 4375 1555 4446 superioria
1572 4375 1670 4431 caerula
1684 4375 1814 4447 praeclaro.

1054 4463 1078 4524 lt
1091 4465 1221 4521 lnnexunt
1232 4481 1348 4538 propere
1358 4466 1447 4523 uicina
1459 4467 1494 4522 ad
1508 4467 1598 4523 littora
1611 4470 1694 4524 traxit

1094 4556 1273 4627 Congaudens
1282 4573 1400 4626 esocem,
1416 4567 1472 4614 turn
1483 4567 1542 4615 toto
1556 4566 1667 4631 pectore
1679 4578 1783 4632 pronus
1902 4552 1906 4561 ¹

1095 4646 1208 4703 Brachia
1219 4648 1320 4706 labenti
1334 4649 1517 4705 circumdabat
1530 4649 1637 4706 humida
1652 4653 1729 4723 pisci.

1094 4737 1208 4796 lubrica
1220 4738 1327 4795 nudatis
1338 4740 1384 4796 vix
1400 4740 1483 4797 beret
1496 4741 1587 4812 praeda
1600 4741 1708 4799 lacertis

1093 4828 1229 4888 Concussa
1242 4840 1271 4889 et
1282 4831 1398 4890 madidis
1408 4832 1465 4905 jam
1476 4848 1546 4905 pene
1559 4835 1675 4892 elabitur
1685 4837 1765 4893 ulnis.

1092 4920 1185 4980 Donec
1194 4923 1323 4994 paulatim
1335 4934 1452 4998 cognata
1464 4927 1600 4984 elementa
1610 4928 1765 5000 ruinquerrs

1090 5011 1202 5071 Eltlaret
1215 5023 1322 5072 tenuem
1333 5018 1510 5075 moribundus
1523 5020 1550 5075 in
1562 5034 1626 5076 aere
1639 5021 1738 5086 uitam,
1754 5072 1759 5081 ,

1089 5101 1197 5172 Oraque
1210 5104 1363 5175 languidulo
1376 5108 1508 5165 tremulus
1519 5118 1653 5166 reseraret
1666 5110 1741 5165 biatu

1090 5191 1208 5263 Reiectn
1219 5196 1384 5267 applaudens
1397 5199 1467 5269 signi
1479 5201 1627 5257 motamute
1638 5202 1740 5258 eandm

1088 5280 1256 5353 Obstupuere
1269 5301 1346 5344 suum
1360 5289 1552 5345 monachorum
1564 5289 1661 5358 gaudia
1675 5300 1780 5361 uotum,

1089 5383 1140 5449 Qui
1151 5383 1184 5440 de
1198 5385 1293 5442 ricinia
1307 5395 1381 5443 tanta
1395 5387 1430 5443 ad
1440 5387 1590 5459 spectacula
1604 5388 1682 5446 cellis

1088 5481 1205 5553 Egressi,
1222 5485 1388 5556 implendum
1403 5490 1450 5545 tali
1463 5504 1594 5560 sponsore
1605 5488 1729 5547 iacentes

1089 5583 1263 5641 Crediderant
1273 5599 1367 5645 sauma
1380 5589 1512 5661 prolatum
1523 5596 1636 5659 pectore
1646 5592 1773 5648 uerbum:

1088 5680 1185 5740 Ouere
1197 5695 1304 5748 aterum
1317 5688 1454 5755 speculum
1465 5688 1582 5755 virtutis,
1598 5689 1632 5746 ab
1641 5691 1703 5758 ipso
