4034 6184
157 362 227 427 toto
716 361 761 420 ne
782 361 1053 424 massmannus
1072 362 1138 421 tte.
1157 362 1190 418 r.
1410 386 1413 391 -
1577 337 1579 339 ’
1715 361 1783 419 rose

155 478 298 554 Proposito
311 476 817 551 mrbabdeszsedcrnctabenianus
957 473 1065 539 neum
1079 473 1153 531 vitiis
1166 477 1431 544 conmunepotest:
1446 473 1750 544 qnilaudetumescrmr

155 570 221 641 nuc
237 580 314 645 spem
333 570 505 630 contulerant
521 570 661 646 proprium
679 568 832 627 numeravit
853 568 943 626 bono·
996 563 1097 620 Extolli
1110 571 1196 620 semet
1208 562 1328 632 cupiunt.
1343 559 1415 619 Satis
1427 563 1560 634 approbat
1569 565 1615 622 ille

807 658 906 733 [rem,
997 652 1050 720 Qui
1061 652 1172 709 latuisse
1184 651 1269 723 cupit,
1283 650 1376 705 mundi
1386 656 1415 706 et
1424 650 1529 724 lastigie
1541 654 1647 720 temnit,

157 747 220 806 Plus
232 749 307 806 lucra
320 749 463 807 muntem
476 749 573 806 anlmre
586 765 667 821 quam
679 748 776 820 paedia
789 748 889 805 earnis.
994 742 1082 811 Quam
1096 738 1148 799 soli
1160 741 1275 799 Domino
1289 740 1390 796 tribum
1399 754 1480 810 quem
1493 743 1560 799 vitat
1571 744 1712 800 honorem.

156 840 242 910 mam
254 841 303 897 tibi
315 855 397 911 quam
415 849 511 897 eructo
522 840 612 898 rabies
623 839 659 897 de
672 847 781 911 pectore
794 846 910 910 partem,
996 835 1052 895 Sed
1065 837 1111 908 qui
1121 832 1232 891 nudato
1241 833 1335 891 malles
1344 835 1474 891 vilescere
1485 834 1594 891 cbristo

158 929 274 987 Ambitio
285 929 373 987 insani
389 931 476 987 nentis
488 928 578 987 albata
592 931 717 999 tmnnris,
999 927 1058 984 lloe
1071 939 1181 999 quoque
1193 924 1322 994 indicium
1337 925 1420 981 titulis
1432 925 1555 981 addendo
1567 925 1664 990 beatis,

156 1022 215 1080 lam
228 1022 336 1094 penitus
347 1022 573 1094 prouenisset,
588 1022 626 1079 nil
638 1020 763 1080 cbristus
776 1020 877 1077 babere
1000 1016 1087 1089 Quam
1101 1013 1215 1075 vitando
1225 1013 1295 1084 iugis
1308 1015 1426 1084 laudem,
1438 1015 1548 1072 vitando
1558 1015 1681 1071 mereris.

133 1124 141 1139 .
170 1120 1770 1158 ...-..-...-..-...---—--—---—————---=--

709 1218 899 1323 LIBER
926 1196 1233 1339 Duillius

190 1448 250 1507 lam
263 1450 347 1508 semel
356 1450 384 1507 iu
397 1449 503 1507 laudem
516 1450 585 1507 nuti
598 1449 703 1520 prolata
714 1447 821 1519 patroni
1001 1442 1150 1513 Deprimat,
1165 1448 1193 1497 et
1202 1441 1285 1498 nimio
1299 1441 1431 1498 invalidus
1442 1441 1493 1497 sub
1503 1441 1575 1498 fasce
1588 1442 1718 1499 laborent.

158 1539 289 1607 Quidnam
299 1539 389 1609 linqua
400 1538 485 1596 sitest
498 1538 635 1596 incondita
646 1552 783 1594 murmura
792 1535 868 1591 noeis
999 1531 1054 1588 Sed
1063 1547 1118 1588 non
1131 1530 1246 1587 dillleilis
1255 1532 1358 1602 quaevis
1370 1532 1475 1588 curatio
1484 1529 1592 1589 Christo
1601 1539 1653 1601 est,

157 1626 342 1700 indocilesque
355 1642 437 1686 sonos
450 1627 589 1700 perlonga
603 1627 708 1684 silentia
719 1625 857 1684 claudens.
1000 1621 1053 1690 Qui
1071 1631 1146 1679 reete
1159 1621 1217 1678 haec
1230 1622 1290 1677 aliis
1303 1622 1447 1678 committit
1460 1623 1537 1692 signa
1549 1624 1687 1690 ministris,

157 1717 187 1776 st
200 1719 283 1776 rubor
295 1727 339 1776 est
352 1727 407 1775 tam
416 1732 513 1788 magna
525 1719 600 1789 loqui
614 1719 688 1791 prins
698 1718 749 1775 ista
762 1717 858 1788 pudori
998 1713 1159 1770 Sanetomm
1172 1720 1202 1768 ut
1214 1713 1339 1769 meritum
1351 1711 1456 1769 Domini
1469 1713 1597 1769 miracula
1610 1714 1736 1784 prodant.

159 1807 215 1866 lex
227 1808 438 1875 statuendaluit,
453 1810 532 1866 nimis
545 1810 603 1866 baec
616 1809 749 1866 velamina
764 1806 842 1864 tarde
999 1803 1071 1861 Ecce
1084 1803 1138 1860 duo
1147 1803 1277 1859 assistunt
1289 1802 1355 1858 clari
1369 1802 1504 1874 probitate
1518 1800 1624 1872 lideque

158 1902 263 1958 attritae
271 1901 386 1957 nimium
399 1907 488 1958 tenus
500 1900 666 1973 pretendere
675 1899 767 1957 bonti.
961 1863 985 1925 Β
1000 1892 1034 1949 Et
1042 1894 1143 1950 virtute
1157 1891 1217 1957 riri,
1228 1905 1297 1962 quos
1310 1898 1384 1947 reete
1396 1891 1486 1947 evexit
1500 1890 1535 1946 ad
1549 1891 1630 1947 istum

158 1989 194 2046 tt
205 1991 228 2046 si
240 1990 348 2050 desidiae
360 1990 408 2047 rili
421 1998 530 2063 torpore
543 1991 653 2059 teneris,
1000 1984 1073 2040 Talis
1087 1984 1142 2039 vita
1152 1983 1250 2050 locum,
1264 1982 1384 2053 nunquid
1397 1998 1451 2039 uon
1466 1981 1616 2055 promptius
1632 1980 1684 2038 illis

160 2079 195 2137 llt
204 2087 279 2137 tetrae
292 2080 389 2138 mortis
398 2081 481 2138 trisne
490 2080 611 2138 discedat
623 2082 720 2152 imago,
997 2073 1064 2133 liare
1075 2073 1182 2131 Domini
1195 2071 1327 2129 medicina
1340 2072 1483 2144 dabitque
1496 2073 1606 2143 grandia
1617 2080 1738 2128 nostrum

160 2171 264 2231 Excute
274 2181 450 2242 marcentem,
464 2171 591 2245 depressa
605 2181 693 2229 morte
706 2186 840 2242 resurgas.
997 2163 1140 2223 Excedunt
1152 2164 1289 2234 meritum,
1304 2164 1352 2221 sed
1366 2180 1420 2221 nou
1434 2172 1497 2221 suut
1510 2164 1592 2221 ardua
1606 2163 1717 2221 sanctis.

159 2261 188 2318 Si
201 2262 299 2319 merito
311 2260 438 2333 depressa
446 2260 533 2333 jaces,
548 2260 651 2318 eenssde
662 2269 786 2332 patrono.
1035 2256 1109 2313 Talia
1122 2272 1194 2328 saepe
1207 2256 1308 2313 iterans
1323 2255 1412 2313 cordis
1425 2257 1586 2315 documenta
1602 2257 1717 2314 modesti

159 2351 228 2420 Quid
241 2366 288 2408 rea
298 2351 423 2422 supplicii
433 2352 537 2424 pavitas
547 2366 607 2406 curn
621 2352 659 2408 sis
673 2366 720 2407 rea
733 2350 811 2408 sotii
1000 2350 1035 2407 Et
1044 2350 1170 2407 meritum
1181 2348 1320 2406 renuendo
1333 2350 1461 2421 probans,
1473 2350 1525 2406 boc
1533 2348 1638 2420 dignior
1651 2356 1742 2406 exstat

159 2440 230 2511 Ergo
243 2454 302 2511 aqe,
315 2448 344 2503 et
357 2441 516 2497 exstinctam
535 2440 648 2497 Domino
668 2441 806 2497 committe
819 2437 948 2505 favillam,
998 2441 1077 2510 Quod
1090 2441 1173 2499 comit
1185 2442 1305 2512 reliquos
1318 2442 1436 2513 pretiosa
1450 2442 1582 2499 modestia
1591 2457 1690 2509 mores,

162 2530 197 2587 llt
211 2531 284 2601 rigor
295 2530 395 2602 ingenii
408 2529 516 2587 Christo
530 2531 666 2602 aspirante
679 2538 816 2602 tepescat,
997 2532 1183 2603 Invidiamque
1197 2530 1264 2600 legit
1276 2533 1322 2602 qui
1332 2548 1362 2589 se
1375 2532 1498 2589 conterre
1507 2532 1635 2605 pavescit.

160 2621 195 2678 Et
206 2621 320 2693 glaciem
334 2620 423 2678 cordis
438 2619 546 2678 llartini
558 2620 646 2677 oratio
660 2621 757 2688 solvat,
998 2621 1063 2678 ilaec
1072 2636 1187 2679 cernens
1199 2622 1306 2692 genitor
1319 2631 1414 2680 sancto
1428 2624 1614 2682 vehementius
1626 2624 1718 2692 instat,

160 2715 200 2773 Ae
212 2714 293 2772 iaciat
302 2713 408 2770 brutam
421 2713 617 2786 quamprimum
631 2728 773 2785 erumpere
782 2726 881 2770 rocem
998 2712 1055 2770 llos
1063 2726 1172 2785 quoque
1184 2711 1350 2783 eortiunqens
1359 2712 1497 2785 precibus,
1513 2729 1628 2786 quorum
1640 2713 1684 2768 ille
1698 2720 1787 2781 tegen-

161 2804 196 2863 tlt
205 2805 342 2878 quondam
356 2804 450 2862 similis
462 2804 562 2860 meruit
574 2804 703 2861 miracula
716 2804 790 2860 lacti.
1672 2801 1756 2875 [dam

196 2897 350 2953 Carnotena
361 2894 453 2966 jacent
466 2893 563 2966 patulis
576 2910 630 2967 qua
643 2895 743 2954 moenia
756 2894 857 2966 eampis
999 2892 1110 2949 Dixerat
1123 2907 1183 2949 esse
1196 2893 1285 2961 tidem,
1301 2908 1336 2949 ne
1348 2893 1392 2949 vel
1404 2892 1512 2949 dinone
1521 2892 1615 2949 liceret

159 2981 255 3053 Gallia,
267 2992 295 3040 et
304 2983 441 3042 immensis
453 2983 507 3040 late
517 2982 678 3040 distenditur
690 2983 771 3054 agris,
1000 2983 1078 3053 Quod
1087 2997 1215 3055 germana
1224 2985 1269 3056 pie
1277 2983 1385 3040 Christo
1399 2984 1535 3053 aspirante
1548 2983 1673 3038 noluntas

159 3076 210 3134 llic
220 3077 277 3149 jam
286 3078 400 3134 bissenis
410 3091 470 3147 qnae
483 3085 557 3133 muta
567 3075 665 3134 silebat
678 3075 707 3132 in
720 3076 798 3133 aunis
999 3072 1128 3130 Suaserat
1137 3082 1218 3145 atque
1230 3074 1303 3146 paris
1316 3073 1458 3131 concordis
1469 3073 1555 3144 gratia
1567 3072 1647 3143 juris.

159 3166 301 3223 Dbstructa
314 3174 344 3223 et
353 3165 434 3223 nullis
444 3173 614 3225 reseraverat
625 3180 673 3222 ora
686 3164 802 3237 loquelis
1000 3164 1138 3221 Submotis
1151 3165 1232 3235 igitur
1247 3166 1353 3238 populis
1363 3179 1397 3220 ne
1407 3163 1476 3221 lorte
1488 3171 1625 3236 receptum

160 3255 238 3324 Filia,
249 3264 406 3314 moestorum
418 3255 570 3314 tristissima
583 3271 647 3314 cura
659 3266 802 3328 pareutum
962 3218 986 3283 c
1000 3254 1095 3311 Oranti
1105 3256 1276 3328 obstreperet
1285 3253 1398 3312 contuso
1408 3264 1545 3311 murmure
1561 3253 1665 3324 vulgtrs,

161 3346 283 3420 Angebat
291 3347 381 3419 iugem
394 3348 501 3405 miseris
513 3349 629 3406 virendo
641 3348 773 3416 dolorem,
999 3348 1053 3404 but
1067 3355 1218 3406 ostentaret
1231 3347 1353 3421 proprias
1365 3346 1495 3418 iactamia
1509 3346 1591 3412 vires,

162 3440 301 3495 Annorum
314 3446 343 3495 et
352 3437 440 3509 spatio
453 3437 610 3496 crescebant
622 3438 733 3495 uulnera
746 3438 844 3496 lectus.
999 3439 1055 3496 llos
1069 3447 1173 3496 tantum
1186 3438 1307 3508 adjunxit
1319 3438 1409 3495 socios
1421 3452 1490 3509 quos
1503 3439 1611 3494 en'meu
1623 3437 1733 3493 bonoria

162 3530 239 3588 lien!
254 3528 362 3602 quoties
374 3529 485 3587 doluere
498 3530 557 3586 aliis
570 3529 671 3586 indulta
679 3531 797 3603 potentis
998 3530 1113 3588 Fecerat
1126 3545 1187 3586 esse
1196 3545 1287 3601 pares,
1301 3536 1329 3585 et
1341 3528 1418 3600 queis
1433 3542 1483 3597 par
1491 3541 1555 3583 enra
1565 3528 1702 3596 precandi,

160 3623 238 3679 Deua
247 3621 296 3679 Dei
309 3621 422 3695 periisse
435 3622 496 3687 sibi,
511 3636 572 3679 eum
586 3637 658 3693 saepe
670 3622 793 3678 viderent
999 3618 1054 3675 Par
1066 3618 1194 3685 studium,
1205 3631 1327 3673 connexa
1338 3614 1413 3682 fldes,
1428 3615 1571 3685 coniuncta
1582 3613 1715 3673 voluntas.

160 3711 214 3769 llix
223 3710 286 3768 dum
296 3718 434 3784 reptantes
447 3711 475 3767 iu
488 3713 571 3768 verba
586 3725 726 3782 erumpere
735 3725 843 3782 parvos,
999 3708 1114 3766 Additur
1127 3717 1155 3764 et
1167 3709 1274 3778 perritor
1287 3704 1424 3777 trepidans
1433 3718 1513 3777 quem
1528 3718 1639 3761 munera
1652 3704 1752 3763 Christi
1837 3720 1842 3731 ‘

160 3802 356 3875 Nominaquee
370 3800 491 3859 tenebris
503 3800 645 3873 praelracta
659 3801 734 3857 exire
744 3801 871 3859 labellis?
1000 3799 1095 3856 Acrius
1108 3804 1247 3867 optantem
1260 3795 1394 3852 iaciebant
1405 3802 1468 3851 tota
1480 3792 1595 3853 lidelem.

159 3890 231 3949 Cum
246 3905 368 3948 murmur
380 3890 491 3948 dubium
500 3890 588 3962 pietas
597 3904 743 3962 praegressa
755 3900 863 3949 nemrot
1000 3889 1069 3946 Tum
1079 3888 1186 3945 sublimi
1196 3887 1286 3942 auimo
1300 3892 1416 3953 erectus,
1428 3884 1476 3941 sed
1488 3897 1602 3954 corpore
1614 3899 1724 3955 pronus,

160 3982 295 4040 lacertam
308 3995 457 4053 aquescens
469 3980 567 4038 ellectu
581 3981 728 4053 interprete
740 3997 835 4039 rocem
1000 3980 1111 4037 Sursum
1122 3995 1170 4036 cor
1179 3986 1301 4034 sanctum
1314 3984 1443 4044 statuens,
1460 3975 1508 4031 sed
1521 3974 1641 4031 membra
1651 3975 1787 4046 deorsum,

161 4073 306 4146 Excipiens
316 4073 393 4146 qnasi
406 4073 478 4129 dicta
491 4087 581 4141 sones,
594 4073 754 4146 rapiensque
766 4073 921 4146 loquenda?
1001 4072 1090 4130 Carne
1102 4071 1185 4142 iacet,
1199 4069 1247 4126 sed
1260 4074 1351 4125 mente
1363 4069 1444 4138 viget,
1462 4066 1618 4123 conscendit
1627 4067 1655 4122 in
1670 4068 1754 4125 altum

161 4163 298 4236 Haecque
311 4172 373 4237 post
383 4164 483 4236 primas
495 4163 539 4220 alii
554 4172 617 4221 sunt
628 4166 745 4236 prestita
761 4179 844 4220 cunas
999 4162 1076 4219 llens
1087 4161 1231 4232 conjuncta
1245 4158 1311 4227 Deo,
1325 4159 1456 4230 premitur
1462 4157 1592 4229 jactantia
1605 4158 1703 4215 earnis.

162 4253 271 4310 AEmula
284 4254 328 4311 bis
343 4254 416 4312 senis
426 4255 515 4326 pietas
530 4253 675 4311 defleverat
686 4255 773 4321 annis,
999 4253 1045 4310 Sie
1054 4253 1098 4308 uia
1109 4251 1245 4309 dissirnilis
1258 4250 1402 4307 concordia
1413 4248 1566 4319 adjungitur
1575 4258 1647 4304 actu.

160 4343 229 4400 Cum
241 4344 331 4401 lustris
344 4345 457 4414 geminis
470 4359 606 4412 moerens,
620 4345 749 4414 annisque
763 4342 877 4408 duobus,
999 4345 1046 4404 Sic
1060 4343 1170 4400 humilis
1183 4351 1376 4415 properatque
1390 4356 1551 4413 praecessere
1562 4339 1665 4399 tldeles.

162 4433 275 4507 optaret
283 4435 399 4507 primam
408 4434 526 4494 nubendi
540 4434 574 4490 ad
587 4443 708 4507 tempora
721 4450 824 4491 rocem.
999 4436 1056 4493 Nec
1064 4450 1152 4501 mora,
1167 4440 1196 4491 et
1205 4433 1305 4490 assueti
1318 4433 1452 4503 persensit
1463 4432 1538 4502 signa
1551 4430 1650 4490 lavone

160 4526 254 4583 Donec
262 4524 368 4582 llartini
380 4526 493 4596 genibus
504 4540 641 4583 connexus
653 4534 681 4581 et
694 4525 800 4584 bareos
1001 4526 1114 4584 Assidne
1124 4533 1233 4584 sanctus
1246 4524 1417 4595 mnqaudens
1431 4523 1538 4592 bospite
1547 4520 1655 4578 cbristo

159 4615 296 4672 Exanimis
307 4615 415 4686 genitor
428 4615 579 4688 lacrymoso
591 4614 687 4672 debilis
699 4630 748 4672 ore
962 4576 1096 4680 DCordis
1104 4635 1176 4691 saepe
1189 4617 1261 4674 iores
1273 4615 1307 4672 ad
1321 4615 1385 4671 talia
1396 4629 1507 4670 munera
1518 4613 1639 4685 pandens

159 4707 300 4764 astrueret
312 4714 436 4762 cunctam
453 4705 553 4774 gemitu
567 4706 702 4777 pandente
713 4705 860 4778 querelam,
1000 4710 1068 4765 run.
1087 4706 1272 4766 benedicendo
1285 4705 1371 4777 promi
1389 4705 1516 4776 praecepit
1530 4703 1632 4760 olivum

159 4795 280 4852 attracta
295 4811 328 4853 er
340 4796 394 4852 imo
405 4795 519 4865 suspiria
532 4803 643 4867 pectore
657 4796 768 4854 ducens.
998 4801 1124 4857 Oblatum
1137 4798 1260 4856 inliciens
1277 4798 1420 4853 rerbemm
1435 4803 1544 4852 nectare
1558 4812 1682 4865 succum,

158 4887 282 4958 singultu
296 4886 416 4944 incidens
429 4887 525 4944 crebro
539 4887 712 4961 lacrymabile
727 4906 856 4958 murmur,
1000 4891 1052 4948 Per
1064 4907 1143 4962 quem
1158 4897 1262 4946 munte
1271 4888 1346 4945 uenit
1357 4887 1489 4944 medicina
1503 4888 1611 4959 liquori.

159 4976 199 5033 bc
212 4976 348 5034 madidum
362 4986 456 5048 pectus
470 4977 633 5048 perlundcns
645 4980 731 5037 imbre
741 4995 880 5051 genarum.
1000 4982 1053 5051 Qui
1066 4989 1209 5053 postquam
1223 4978 1315 5035 inlusis
1324 4978 1454 5049 grammis
1466 4978 1495 5034 in
1507 4994 1556 5034 ore
1569 4978 1666 5049 puelle
1675 4988 1717 5036 est
1816 5047 1818 5051 ¹

159 5064 244 5124 Etiam
255 5068 362 5125 llartini
376 5076 495 5127 mentem
508 5080 681 5128 concusserat
694 5073 792 5129 almam
999 5074 1148 5132 Confestim
1163 5073 1267 5128 innexae
1278 5071 1420 5128 solvuntur
1431 5070 1538 5128 vincula
1549 5072 1663 5143 linque,

159 5160 280 5217 tenete
291 5160 399 5233 pietatis
409 5174 496 5232 amor,
510 5162 557 5218 sed
571 5178 651 5219 causa
665 5179 803 5220 morarum
1000 5165 1035 5221 Et
1047 5164 1168 5221 madidas
1181 5163 1296 5235 implens
1309 5162 1398 5219 subito
1408 5162 1554 5235 spiramine
1567 5162 1659 5219 lances

159 5253 197 5309 De
210 5252 344 5324 pmbitate
357 5253 408 5310 luit
421 5254 533 5325 pretiosi
547 5270 611 5312 cura
626 5256 746 5328 pudoris,
999 5256 1120 5312 llurmur
1132 5252 1311 5323 blandiloqua
1326 5268 1379 5310 vox
1390 5261 1545 5325 exspectata
1558 5253 1663 5309 revixit.

159 5344 193 5401 Et
203 5360 310 5416 semper
321 5344 401 5403 claris
414 5347 541 5404 socianda
556 5349 689 5405 modestia
704 5348 791 5415 laetis,
1001 5344 1041 5402 de
1049 5345 1164 5417 primum
1177 5342 1309 5414 trepidam
1323 5343 1432 5415 proprie
1441 5343 1547 5414 signare
1560 5342 1693 5413 loquelam

159 5432 198 5491 lle
210 5435 283 5504 quod
295 5436 441 5494 contuleris
454 5438 580 5494 meritum
591 5437 722 5509 iactantia
736 5440 832 5511 perdat
1006 5436 1180 5507 incertosque
1192 5450 1273 5491 sonos
1282 5434 1411 5503 genitoris
1426 5435 1533 5490 nomine
1546 5434 1667 5504 sumpsit.

159 5522 192 5579 Et
203 5524 308 5580 virtutis
320 5540 388 5595 opus
402 5526 479 5582 vitiet
489 5529 668 5599 praesumptio
681 5529 782 5585 cordis.
1007 5527 1070 5583 llaec
1083 5543 1137 5584 vox
1146 5527 1231 5598 prima
1245 5524 1308 5592 luit,
1324 5525 1464 5597 primoque
1478 5524 1611 5596 loquentis
1624 5525 1658 5580 ab
1673 5540 1721 5581 ore

160 5612 240 5683 Ergo,
255 5614 303 5684 ait,
317 5613 456 5684 indignum
469 5618 538 5673 tanti
554 5617 589 5673 ad
602 5617 730 5673 miracula
747 5619 811 5674 lacti
1006 5616 1110 5688 Eripuit
1118 5623 1206 5687 pater,
1221 5623 1302 5686 atque
1313 5614 1430 5670 auditam
1443 5614 1471 5668 in
1485 5613 1587 5669 viscera
1601 5614 1705 5671 mersit.

161 5700 203 5756 lle
212 5717 282 5769 reor,
298 5709 326 5758 et
340 5702 443 5773 trepida
457 5707 562 5775 pondus
575 5707 679 5762 cervice
689 5722 815 5777 pavesco.
1006 5706 1073 5763 Exin
1085 5708 1225 5779 prostratis
1236 5708 1349 5779 supplex
1368 5705 1555 5777 complectitur
1567 5706 1649 5775 ulnis,

161 5788 238 5858 Quod
245 5791 317 5849 terre
331 5790 453 5851 indrmus
467 5810 583 5867 nequeo,
599 5812 634 5855 ne
654 5797 758 5855 sarcina
773 5796 860 5867 nnjor
1007 5798 1114 5870 Quique
1128 5813 1222 5869 preces
1234 5797 1307 5856 solus
1320 5798 1419 5854 tulerat
1428 5795 1559 5855 reticente
1571 5798 1671 5873 puella,
