4034 6184
306 278 357 336 did
554 312 559 319 «
867 278 897 336 S.
917 272 1052 333 returns
1071 274 1195 332 msto
1212 274 1361 333 mecon
1872 291 1917 346 ,epp

302 396 423 466 potentia
430 394 463 449 arl
471 392 639 450 retinendum
649 401 764 457 arrnatn,
775 391 941 464 prepositum
952 387 1091 460 impedire,
1107 393 1129 448 rt
1144 391 1282 461 Neapolim
1292 390 1316 422 ⁸·
1326 390 1419 444 urlreur
1431 384 1507 443 hreri
1521 390 1609 459 spatio
1628 390 1774 463 allolana,
1792 408 1839 465 qua
1850 398 1913 469 degi.

303 498 331 542 et
341 488 414 543 cunti
425 488 534 542 obstare
544 495 657 541 meatus
667 491 719 540 est.
730 482 784 539 Sed
795 484 839 539 illa
850 483 872 515 ἰ
883 481 952 536 ultra
966 480 1093 535 virtutem
1145 497 1214 545 nrus,
1241 481 1352 538 clritate
1364 479 1516 538 distinctam
1530 483 1574 556 (id
1586 492 1625 539 est
1647 484 1800 558 distantem)
1811 488 1911 548 adreeta

304 579 481 635 tentationum
492 577 548 647 jsrn
562 575 726 641 contortata,
741 576 779 646 (o)
794 583 822 631 ct
831 588 961 644 corporea
971 580 998 628 et
1012 571 1095 642 pieta·
1144 579 1196 639 est,
1210 573 1254 628 ubl
1273 571 1387 628 llliomm
1401 582 1581 645 nepotumque
1600 591 1710 631 occursu
1732 588 1911 650 exceptamus

305 668 341 724 'tis
355 668 470 733 vincula,
485 676 514 723 et
528 680 624 722 narem
648 666 753 722 cunctis
769 663 895 721 dentibus
915 663 975 718 luta
990 661 1092 718 solvit:
1145 664 1239 721 Nolam
1251 666 1286 720 ad
1309 664 1468 723 humilitatis
1490 674 1590 723 nmtrm
1610 668 1752 738 hospitium
1770 670 1911 728 lestinrrir:

303 769 512 829 constanterque
526 773 669 829 congressa
689 757 812 814 ductibus
834 756 925 821 maris,
941 771 975 810 ne
989 762 1093 809 tantum
1144 770 1199 827 quo
1214 755 1291 811 nobis
1305 756 1415 812 advenit
1427 757 1573 814 ambitioso
1590 757 1779 816 ditissimorum
1788 762 1911 831 plqnortm

303 852 385 907 seculi
399 850 494 907 lluctus
519 852 648 916 vinceret,
663 849 815 917 navigarit;
830 854 858 903 ct
879 845 958 902 slrnul
971 844 1093 900 seculum
1144 846 1242 901 vallata
1251 846 1391 902 comitatu.
1406 847 1526 903 Vidimus
1536 847 1648 917 noriam
1662 848 1767 906 Domini
1780 851 1805 906 in
1815 850 1856 908 illo
1866 869 1915 909 ma-

308 941 451 1012 )rbernque
472 947 655 1006 commutans,
669 938 763 993 urbem
788 934 954 992 Hierusalem
980 932 1093 1002 spiritali
1144 936 1392 1008 trisetlclllliorum
1404 937 1501 994 itincre
1512 937 1621 1008 quidem
1633 938 1728 1003 rrno⁸¹,
1738 940 1784 996 sed
1796 941 1914 1012 lonqedi-

309 1030 386 1094 torro.
402 1031 428 1084 in
441 1045 494 1100 qm
507 1043 522 1082 a
536 1041 651 1098 cornere
664 1025 888 1098 perornaretur,
903 1024 993 1092 elesit
1018 1023 1094 1077 exsut
1144 1029 1216 1098 spari
1226 1028 1317 1095 errem
1335 1043 1427 1084 macro
1443 1028 1515 1083 nram
1529 1036 1559 1084 cr
1572 1029 1667 1085 virture
1679 1031 1768 1088 assito
1776 1032 1913 1106 hunolt.

306 1121 410 1186 sirium,
427 1129 456 1176 et
471 1121 538 1176 ciris
550 1118 644 1175 edecta
668 1127 822 1174 sanctorum
843 1126 867 1170 ¹.
892 1110 1042 1171 Prudenter
1065 1121 1095 1169 tt
1144 1128 1201 1176 not.
1213 1119 1277 1190 tou)
1290 1119 1428 1175 sedentem
1439 1127 1496 1177 teta
1511 1120 1590 1188 hojns
1602 1123 1801 1195 seculipornpa,
1812 1141 1861 1196 qua
1872 1127 1916 1183 lro-

302 1220 395 1268 sancte
410 1212 437 1266 in
461 1211 511 1267 ista
523 1211 609 1267 voluit
622 1210 724 1265 servire
736 1223 797 1278 qua·
821 1208 914 1271 servit,
938 1214 969 1262 ot
993 1205 1021 1260 in
1048 1204 1093 1261 illa
1144 1212 1231 1266 norati
1244 1219 1271 1265 et
1283 1211 1401 1281 opulenti
1412 1220 1538 1281 poterant
1552 1212 1700 1269 eimumllul
1720 1225 1915 1287 senatorespru-

302 1302 387 1374 possit
398 1317 512 1373 regnare
525 1317 585 1372 quae
600 1300 683 1356 libera
694 1308 745 1355 est.
1143 1299 1336 1367 supponentur,
1350 1301 1469 1356 carrucis
1495 1302 1667 1367 nutarrtibos,
1681 1302 1824 1374 phaleratis
1839 1307 1913 1375 equis,

336 1392 382 1448 ll.
403 1392 440 1447 lle
461 1391 552 1447 multis
576 1400 664 1446 tamen
690 1388 717 1444 in
736 1388 781 1444 illa
795 1386 937 1443 virtutihus
949 1385 997 1442 [lei
1011 1400 1093 1441 unam
1142 1389 1243 1445 auratis
1256 1390 1410 1460 pilentis,et
1419 1393 1553 1463 oerpeutis
1566 1394 1698 1464 pluribus,
1710 1404 1829 1465 gemente
1841 1396 1914 1469 Appia

300 1482 407 1546 saltem,
419 1482 453 1538 dc
466 1498 518 1552 qna
529 1481 588 1552 ejus
601 1480 690 1537 omnia
700 1479 865 1534 aestimentur
874 1492 956 1548 opera
971 1477 1009 1544 ¹⁸,
1024 1493 1093 1548 prae·
1143 1480 1184 1551 (lt
1194 1492 1233 1535 ert
1246 1482 1288 1537 ria
1302 1482 1399 1554 Appia)
1422 1491 1505 1557 atque
1527 1484 1645 1555 lulgeme
1661 1488 1728 1544 :sed
1746 1489 1915 1559 splendoribus

300 1574 406 1630 dicabo.
431 1573 564 1644 Tempore
582 1573 629 1629 illo
655 1570 784 1636 Valentis,
808 1568 917 1639 quando
944 1566 1091 1625 Ecclesiam
1142 1572 1268 1628 raritatis
1288 1572 1453 1643 praehrcebat
1471 1573 1632 1632 Christiane
1654 1577 1810 1637 humilitatis
1831 1582 1913 1650 qratia.

300 1661 348 1719 llei
357 1664 410 1719 risi
425 1663 499 1719 luror
509 1661 667 1719 llrianornm
678 1673 740 1728 rege
751 1660 810 1731 ipso
820 1657 965 1729 impietatis
976 1658 1092 1714 satellite
1142 1658 1350 1717 substrahantur
1370 1660 1469 1719 divites
1491 1679 1637 1736 pauperem
1658 1676 1778 1724 murtam
1794 1687 1800 1723 :
1819 1678 1845 1725 rr
1864 1671 1916 1727 illos

299 1755 522 1826 persequebatur,
535 1754 592 1810 hec
609 1760 668 1809 erat
682 1751 806 1822 princeps
818 1749 861 1805 sel
874 1749 1009 1820 particeps
1029 1764 1096 1805 eun·
1113 1755 1132 1811 tt
1148 1761 1239 1809 nostra
1249 1754 1392 1825 pauperies
1404 1754 1518 1811 ridebat.
1529 1756 1650 1815 Vidimus
1667 1758 1773 1828 dignare
1788 1760 1915 1830 lleolrmm

298 1848 411 1918 etispro
432 1846 484 1902 bde
507 1844 666 1901 instantibus
677 1844 711 1898 ¹⁸.
736 1841 798 1898 flaec
819 1840 925 1910 lunatos
934 1842 1091 1913 recipiebat,
1142 1843 1235 1899 mundi
1254 1844 1454 1914 contusionem,
1469 1862 1643 1917 purpuream,
1657 1850 1781 1917 sericam,
1796 1858 1915 1906 auratam·

298 1946 345 1994 aut
358 1938 541 2009 apprehensos
563 1934 743 1991 comitabatur
757 1951 764 1987 ε
779 1932 827 1990 sed
841 1948 962 1990 cumeos
975 1933 1094 2006 recepis-
1142 1949 1195 2003 que
1207 1932 1402 2005 supellectilem
1415 1936 1511 2007 pannis
1528 1938 1664 1993 veteribus
1677 1946 1708 1994 et
1719 1940 1799 2008 nigris
1810 1939 1916 1994 seruien-

297 2037 340 2086 set
350 2029 377 2084 io
390 2029 530 2094 latebram,
545 2027 590 2098 qui
604 2033 717 2096 propter
735 2023 865 2093 insignem
880 2023 969 2089 iidem,
990 2023 1093 2093 maiore
1143 2033 1207 2081 terrr.
1223 2024 1412 2083 benediximus
1424 2026 1577 2096 Dominum,
1590 2027 1637 2098 qoi
1650 2028 1760 2084 bsmihr
1778 2037 1802 2084 et
1816 2029 1915 2084 emeher

297 2128 327 2175 ct
350 2119 539 2174 hereticorum
554 2116 616 2173 odio
631 2112 835 2178 infestabantur,
851 2119 879 2169 et
899 2114 1092 2170 occultantium
1142 2116 1207 2188 sarit
1221 2116 1260 2187 ld)
1272 2117 1402 2187 rapientes
1418 2127 1441 2183 ⁸,
1452 2119 1594 2173 sancientes
1606 2119 1698 2191 implet
1707 2120 1787 2184 bonis,
1801 2128 1825 2175 et
1837 2120 1914 2174 diriter

297 2209 337 2281 (b)
347 2207 541 2276 detegebantur
551 2203 662 2271 insidia,
673 2202 747 2271 gravi
762 2210 826 2258 tunc
835 2202 967 2258 seditione
977 2202 1090 2259 diaboli·
1141 2204 1247 2258 demittit
1261 2205 1351 2260 inanes
1367 2204 1389 2261 l.
1410 2203 1439 2261 lo
1453 2208 1513 2264 istis
1525 2214 1616 2263 tamen
1640 2208 1769 2265 divitibus
1782 2208 1867 2265 eaderrr
1878 2208 1916 2266 die

301 2299 342 2353 eis
355 2297 458 2353 lacibus
472 2294 645 2359 inllanrmata,
660 2293 735 2362 qnasi
749 2300 843 2348 eontra
857 2293 943 2361 legem
957 2293 1091 2363 publicam
1140 2291 1175 2347 de
1186 2293 1317 2349 maternis
1333 2293 1412 2351 honis
1430 2309 1575 2366 pauperem
1597 2296 1723 2367 spiritum
1742 2299 1915 2369 stupebamus,

299 2397 446 2443 contumax
461 2385 585 2457 protrahi
595 2399 628 2440 ac
642 2384 697 2454 pati
708 2383 782 2452 jussa
796 2391 912 2452 estrprne
923 2383 982 2440 illos
995 2400 1091 2440 mane·
1141 2382 1187 2449 qui
1206 2380 1293 2451 nasis
1309 2392 1406 2438 sancta
1425 2385 1520 2441 matris
1543 2386 1632 2456 inopia
1657 2401 1740 2456 quarn
1766 2403 1811 2443 sua
1831 2387 1916 2444 risihlll

297 2479 435 2545 baotnisi
458 2476 573 2548 prodere
585 2474 733 2530 maluisset.
749 2471 883 2528 Processit
897 2473 1091 2545 impavidecn·
1140 2470 1305 2528 abundantia
1329 2474 1522 2544 gloriabantur.
1537 2475 1653 2547 ldipsum
1667 2486 1758 2535 autem
1776 2478 1855 2550 gloria
1870 2477 1916 2534 llo-
1999 2516 2000 2523 ι

298 2567 359 2639 pida
382 2567 525 2638 passionis.
553 2573 581 2621 et
604 2565 700 2645 injuria
727 2564 917 2636 publicationis
937 2564 1089 2629 exsultans,
1141 2565 1207 2620 ruini
1221 2566 1362 2623 ridebatur
1370 2569 1487 2638 operari,
1501 2569 1572 2639 qnod
1587 2572 1709 2641 egenulae
1722 2580 1816 2629 nostra
1824 2572 1917 2629 divitias

296 2657 420 2727 quamvis
434 2663 679 2729 nonexspectassct
694 2654 773 2720 trahi,
789 2662 922 2710 tracturos
935 2653 1092 2709 antevolans
1142 2653 1171 2708 in
1183 2653 1242 2723 eius
1256 2650 1317 2710 dliis
1331 2656 1516 2724 irrtuebamur3
1532 2668 1562 2713 ιιι
1580 2659 1636 2728 jare
1649 2660 1716 2717 lrlnc
1735 2660 1845 2718 nucum
1864 2660 1916 2717 lldci

297 2748 331 2802 arl
343 2746 461 2818 judicem
477 2765 484 2800 :
498 2746 544 2815 qui
558 2744 1024 2816 contrnusrmerarioncprescnris‚
1037 2760 1091 2800 non
1140 2759 1197 2799 snae
1206 2753 1326 2816 caperet,
1341 2748 1638 2805 errmrlcterisrnsrram
1651 2750 1688 2805 de
1702 2751 1917 2821 hujussccalira·
1999 2772 2000 2797 ι

298 2848 442 2895 exsecutus
465 2846 507 2894 est
534 2837 697 2894 inddeliteris
719 2837 797 2902 iram,
811 2833 875 2891 dunr
897 2834 958 2892 lrdci
979 2836 1092 2892 miratur
1141 2836 1227 2893 nitate
1245 2837 1303 2908 ipsa
1316 2837 1496 2908 despectaret,
1511 2839 1634 2895 eonnnus
1647 2840 1745 2897 ridens
1761 2841 1846 2898 omnia
1865 2855 1917 2910 que
1999 2888 2000 2891 ,

297 2931 448 2987 andaciam.
468 2930 567 2987 Ειιιιοιιι
582 2937 743 3001 tempestate
762 2944 811 3000 per
833 2928 949 2984 triduum
972 2928 1091 3000 quinque
1142 2934 1253 2999 propter
1265 2927 1401 2983 Christum
1413 2928 1573 2997 reliquerat,
1585 2938 1613 2985 et
1627 2938 1805 2988 contemnere
1818 2932 1851 3003 (s)
1867 2947 1919 3003 per

298 3022 381 3077 millia
396 3021 589 3078 monachorum
612 3020 751 3076 latentium
765 3020 878 3091 parribus
890 3019 946 3077 suis
962 3020 1046 3089 pavit,
1062 3028 1092 3075 ut
1141 3025 1289 3075 severant.
1309 3017 1349 3074 llll
1362 3019 1479 3086 sericati,
1495 3029 1523 3075 er
1536 3032 1587 3090 pro
1600 3035 1650 3079 sno
1663 3022 1782 3092 quisque
1794 3036 1856 3077 seru
1868 3028 1920 3089 tora

298 3129 348 3184 per
361 3111 419 3183 ejus
441 3127 550 3168 manum
578 3112 674 3167 iterum
701 3110 831 3169 Dominus
853 3108 931 3166 lesus
948 3110 1089 3180 pristinum
1103 3128 1126 3185 t)
1142 3118 1189 3165 aut
1212 3109 1282 3166 stola
1305 3109 1378 3165 soliti
1400 3109 1542 3181 splendere
1566 3109 1629 3180 lilii,
1644 3112 1920 3168 crassamillamrelut

299 3219 439 3259 numerum
453 3204 479 3259 in
503 3202 611 3258 deserto
632 3209 754 3272 pasceret
767 3200 791 3267 l,
807 3209 884 3256 tanto
905 3199 1014 3269 quidem
1028 3209 1092 3255 tune
1140 3201 1372 3271 spartelstamlnls
1385 3202 1517 3269 tnnieanr;
1537 3202 1624 3258 etoile
1631 3202 1774 3273 palliolum
1787 3203 1920 3274 sumebam

299 3295 463 3364 impensiore
483 3293 643 3355 clementia.
657 3300 758 3362 quanto
774 3292 879 3347 minore
892 3291 1000 3347 licentia
1014 3291 1090 3347 lore·
1141 3304 1221 3344 rnanu
1247 3298 1367 3358 ungere,
1392 3290 1512 3361 met
1539 3292 1699 3347 vestimenta
1724 3309 1770 3349 sua
1783 3292 1920 3359 velleribus,
1998 3320 1999 3345 ι

299 3385 398 3440 irantur
410 3384 520 3452 occulti,
531 3398 612 3452 quam
627 3382 665 3437 illi
683 3382 830 3452 quondam,
841 3382 887 3451 qui
901 3382 935 3437 ad
948 3382 1090 3438 bominum
1141 3396 1217 3446 auro,
1234 3389 1293 3437 arte
1305 3382 1434 3452 pretiosa,
1449 3381 1564 3453 pedibus
1576 3382 1635 3451 eins
1659 3384 1842 3448 substernere,
1861 3398 1920 3454 pan·

298 3473 449 3528 voluntarie
463 3472 667 3528 inlibertateet
679 3479 950 3543 paeeconrenerant
966 3470 1020 3527 Sed
1034 3473 1092 3529 haec
1142 3472 1237 3542 nisque
1257 3472 1292 3544 (s)
1307 3478 1448 3529 conterere
1461 3472 1919 3543 qmrrebarmsrpiariscauintn·
1998 3516 1999 3529 ι

300 3581 350 3622 nec
362 3564 453 3619 timida
467 3565 545 3637 183
554 3562 729 3634 deprehendi,
741 3563 911 3618 interdictum
920 3577 1015 3647 secura
1028 3578 1093 3633 pne
1141 3578 1200 3619 rurn
1213 3578 1322 3620 suarum
1332 3562 1459 3633 contagio
1470 3563 1921 3634 judicantes,slqoamrlerillsslmo

299 3654 380 3710 bebai
393 3653 526 3720 olllciem;
542 3669 594 3709 uec
607 3653 702 3709 rolens
720 3651 806 3721 gloria
819 3651 983 3723 operationis
997 3652 1037 3716 lr'd
1053 3660 1092 3707 est
1141 3653 1200 3725 ejus
1227 3653 1335 3721 habito,
1350 3662 1400 3710 aot
1425 3655 1540 3724 sensio
1566 3655 1674 3711 sordens
1695 3657 1824 3726 colligere
1844 3667 1920 3712 mere·

297 3746 485 3817 eleemosynae.
500 3742 534 3800 l'.
549 3752 608 3799 rrot
620 3743 666 3814 br)
677 3743 798 3812 agnosci,
816 3750 906 3798 nmen
929 3741 1020 3812 operis
1033 3756 1092 3796 ma·
1142 3752 1244 3801 rentur.

297 3835 440 3905 penitudine
453 3836 641 3907 prodebatur:
663 3833 775 3889 totidem
789 3833 860 3904 apud
874 3832 997 3889 homines
1017 3828 1088 3888 testi
1179 3833 1224 3888 lb.
1240 3832 1463 3904 'loqurlumrero
1477 3843 1610 3901 nostrum,
1620 3834 1692 3906 qnod
1705 3850 1724 3892 a
1739 3845 1807 3894 terra
1819 3848 1920 3906 snspen-

299 3926 537 3995 roeniisqloriosa,
558 3934 625 3995 quot
638 3925 723 3994 pastis
746 3923 802 3979 lleo
815 3923 933 3979 conseia.
948 3921 1017 3991 Quid
1035 3922 1092 3978 lroee
1141 3938 1200 3979 suar
1220 3923 1371 3992 coenaculo,
1394 3924 1433 3996 (ql
1445 3939 1497 3979 nna
1516 3924 1622 3994 porticu
1641 3925 1749 3981 cellulis
1761 3922 1921 3995 hospitalibus

298 4016 514 4086 meritlglrabeant
523 4017 546 4047 ¹²
555 4012 810 4070 aestimemuslcrrm
824 4013 850 4067 iu
860 4012 972 4068 historia
984 4011 1092 4081 llcqrm·
1142 4014 1311 4084 interposita,
1327 4013 1435 4083 longius
1453 4014 1583 4083 tenditur,
1607 4015 1834 4085 quasi-dilatatum
1846 4012 1922 4084 qratia

298 4106 415 4162 rumille
428 4105 590 4168 celebretur,
605 4103 652 4175 qni
665 4101 837 4157 absconditos
848 4102 883 4157 ab
896 4102 935 4158 ira
949 4117 1027 4172 eque
1039 4103 1091 4160 im·
1143 4104 1248 4161 homini
1258 4119 1312 4160 non
1322 4104 1410 4160 solum
1424 4106 1534 4170 mostis,
1546 4106 1593 4174 qui
1608 4106 1681 4160 illam
1700 4106 1808 4175 plurimi
1821 4104 1922 4160 murita·

299 4198 337 4267 pii
359 4195 428 4264 rcqis
441 4202 550 4251 centum
565 4193 639 4248 siros
650 4190 698 4247 liei
713 4190 828 4260 paritr,
851 4190 1026 4249 dubitandum
1038 4199 1090 4257 est,
1141 4193 1248 4256 baptor,
1271 4191 1320 4248 sed
1330 4190 1413 4248 etiarn
1435 4191 1548 4248 divitum
1562 4193 1669 4249 illorum
1688 4195 1807 4250 catervis
1822 4209 1873 4249 uon
1887 4192 1922 4259 (tr)

300 4287 370 4343 bane
382 4287 409 4342 in
423 4299 506 4355 opere
519 4283 600 4339 simili
614 4296 686 4351 saepe
699 4279 795 4336 millies
809 4281 880 4337 hunc
893 4290 1034 4338 numerum
1043 4294 1091 4339 sn·
1141 4283 1284 4353 incapaces
1293 4280 1432 4351 anqretias
1444 4281 1561 4352 persons
1572 4301 1580 4336 ε
1593 4283 1620 4338 iu
1629 4296 1684 4352 qno
1693 4284 1817 4353 persoms
1831 4293 1922 4353 puero-

300 4391 466 4448 perqressam
479 4374 594 4430 lructum
609 4372 703 4428 iecisse
716 4371 894 4426 centesimum
916 4368 941 4426 ἃ.
1140 4387 1200 4429 rum
1213 4386 1248 4428 ae
1258 4371 1389 4442 rirqirrorrr
1399 4370 1586 4427 chorisrlclmr
1600 4371 1758 4428 ermenerii
1772 4371 1854 4429 nostri
1875 4368 1923 4424 Fe·

336 4466 380 4523 lb.
396 4466 508 4537 Reliqua
522 4480 594 4521 nnnc
608 4463 666 4533 ejus
680 4461 788 4530 negotia
801 4475 835 4516 ac
849 4470 970 4531 tempora
989 4461 1090 4516 trausi-
1141 4459 1201 4516 licis
1212 4460 1330 4517 culmina
1343 4458 1519 4515 multabant.
1535 4458 1628 4530 Neque
1640 4475 1657 4516 e
1669 4460 1779 4518 diverso
1789 4458 1922 4517 habitatio-
1997 4522 1998 4535 χ

301 4559 356 4617 libo
369 4561 403 4626 ἰ,
417 4560 510 4615 ethoe
534 4556 624 4627 ipsum
647 4568 702 4624 quo
716 4554 739 4586 '¹
762 4547 1045 4616 remeansrnrtrsrrr,
1059 4557 1090 4606 ut
1104 4524 1127 4583 ⁰
1141 4550 1184 4609 nis
1193 4549 1323 4620 eiusdem,
1338 4549 1441 4605 dlssoni
1459 4548 1522 4604 lieet
1535 4549 1685 4619 proposito,
1696 4547 1923 4619 hoqritesobstra·
1958 4587 1963 4596 .
1996 4592 1998 4627 ε

300 4666 408 4706 comum
427 4650 510 4719 ipsius
526 4646 648 4713 mrrtuler,
665 4641 852 4707 trarrslretabo,
870 4654 925 4710 quo
938 4639 1017 4695 eitius
1029 4651 1089 4695 ser·
1140 4640 1256 4710 pcbant;
1271 4640 1319 4696 sed
1340 4646 1368 4696 ct
1381 4639 1409 4694 in
1423 4638 1476 4694 illis
1488 4638 1614 4707 religiosa
1634 4639 1766 4694 modestia
1780 4636 1923 4693 imitabatur
1996 4702 1998 4711 s

301 4757 409 4796 neonem
420 4736 618 4815 meumirrejus
627 4735 661 4790 ad
676 4750 726 4791 nos
742 4732 859 4788 adventu
868 4728 1029 4802 exponendo
1039 4729 1089 4786 de·
1142 4736 1242 4784 nostrae
1251 4728 1387 4785 silentium
1400 4727 1607 4798 disciplinam
1619 4728 1643 4782 si
1655 4726 1853 4783 dissimularent
1862 4738 1923 4780 con·
1997 4788 1998 4791 Ἴ

301 4829 451 4892 seminem,
468 4829 494 4883 in
507 4842 562 4897 quo
587 4838 689 4894 maqnae
708 4823 757 4879 llei
778 4822 872 4892 panae
891 4827 1028 4891 spectator
1038 4819 1086 4874 lui.
1138 4819 1230 4873 cinere
1244 4817 1424 4886 vigilantibus,
1439 4816 1516 4887 pigro
1530 4823 1625 4871 ventre
1638 4816 1738 4887 sopiti,
1760 4824 1852 4871 umen
1873 4824 1923 4866 uon

335 4949 350 4977 ι
369 4938 467 5009 Ephcs.
480 4952 510 5006 rr,
523 4937 564 4993 ¹9.
602 4935 803 5004 tharthan,
823 4932 868 4990 st.
907 4931 1140 5002 tullianum,
1157 4928 1199 4984 lb.
1236 4927 1474 4993 ‘llatthxrmb
1512 4926 1707 4998 ‘llleprq'b
1750 4925 1838 4982 ‘Lue-
1849 4941 1869 4990 ι,
1881 4918 1922 4977 bb.

336 5070 375 5141 pq
389 5070 436 5126 src
449 5085 512 5124 nnc
525 5066 737 5148 ostreorum.
753 5081 813 5121 eun
827 5064 870 5148 se.
883 5064 959 5120 eno.
972 5063 1005 5119 st
1022 5046 1088 5121 curn
1175 5063 1214 5132 (ιι
1228 5063 1287 5118 ror
1300 5065 1516 5148 neniarum
1535 5079 1551 5119 a
1572 5080 1623 5120 ms.
1635 5065 1730 5121 corne
1742 5063 1821 5119 nnn

302 5141 377 5280 ”ln
392 5136 1017 5329 leosthenisstititrll‘sgmtt:
1138 5131 1289 5259 „min
1310 5133 1375 5203 Μ·
1391 5143 1420 5190 ⁰⁸
1435 5135 1523 5203 Μ’
1538 5147 1693 5203 'mm‘
1709 5133 1855 5203 Μ’
1868 5145 1924 5201 ''⁶''

338 5289 374 5352 (cr
394 5278 438 5333 Sic
448 5275 647 5333 emendarimus
661 5291 694 5329 cx
714 5289 765 5328 ms.
778 5276 871 5329 cortice
905 5271 1089 5330 lennensizid
1174 5274 1209 5345 <pl
1227 5271 1267 5326 lta
1277 5286 1327 5325 ms.
1346 5271 1434 5327 Varie.
1452 5271 1738 5335 etSacchin.,larente
1759 5284 1810 5325 ms.
1826 5267 1917 5339 Regio.
1996 5244 1998 5273 ³

302 5359 343 5406 cst
353 5350 422 5404 unlci
438 5342 483 5401 lllii
498 5355 680 5415 nepotumque
698 5342 812 5397 duorum
826 5343 945 5400 blelanize
958 5360 988 5397 su
1009 5342 1088 5399 crsti-
1139 5340 1188 5398 bls.
1203 5340 1290 5405 vien,
1306 5343 1414 5416 conteri.
1429 5341 1492 5409 nili,
1505 5350 1647 5413 conteqere.

303 5430 369 5484 tum,
381 5428 409 5473 ut
421 5425 534 5473 testatur
544 5413 675 5468 Palladius
691 5414 717 5467 irr
738 5411 864 5467 Lausiaca
877 5428 936 5483 cap.
953 5358 1016 5467 tide
1036 5410 1087 5467 Atii
1175 5416 1214 5483 lpl
1233 5409 1278 5465 Sic
1290 5424 1354 5465 mss.
1370 5409 1436 5482 ch.
1452 5421 1481 5471 et
1493 5410 1571 5466 lieu.
1593 5412 1702 5468 codices
1720 5422 1781 5466 oum
1805 5407 1883 5463 editis
1895 5402 1921 5457 l.
1997 5442 1998 5481 p

302 5490 409 5545 rollers
433 5487 571 5548 nrcrrdosc,
595 5483 719 5553 fillonem.
743 5481 944 5537 llorrectionem
967 5490 1087 5538 nostram
1140 5480 1189 5536 Ed.
1211 5479 1305 5543 noer..
1319 5479 1524 5549 reuocatoque,
1537 5481 1646 5549 porticu.
1996 5522 1997 5551 r

314 5569 432 5614 »mrem
455 5555 638 5613 antecedentia
664 5561 692 5607 et
715 5549 903 5619 subsequentia
915 5550 1085 5609 confirmant.
1175 5553 1215 5619 (bt
1234 5547 1297 5603 llss.
1310 5548 1376 5620 lleq.
1387 5559 1415 5604 ct
1430 5549 1506 5605 lien.
1518 5566 1578 5606 curn
1589 5549 1633 5606 ed.
1643 5548 1734 5610 Gran,
1746 5561 1798 5600 norr
1808 5557 1921 5617 separa.
1995 5594 1997 5619 ἦ

303 5578 371 5686 dide
379 5631 459 5701 epist
470 5626 506 5682 ld
516 5626 551 5682 ad
561 5623 746 5694 augustinum,
760 5635 834 5677 nuru.
851 5620 878 5676 Ξ.
1140 5621 1221 5677 male.
1232 5617 1300 5675 vids
1313 5618 1501 5690 procedentia.
