4034 6184
255 260 302 318 751
801 257 970 315 ,ιΡΡΕΝιιιιι
988 257 1129 317 ornauit
1149 258 1177 317 ὃς
1197 256 1345 316 PAULINI.
1831 262 1882 319 ἰιι

255 375 325 430 aliud
338 383 379 432 est
392 388 482 431 rerum
498 370 538 446 (ιι)
552 374 663 430 umbras
685 373 781 457 sequi,
804 371 875 428 aliud
889 374 1042 430 veritatem.
1059 373 1178 435 tetiam
1193 373 1270 427 lamae
1285 381 1309 427 t.
1335 371 1393 427 Non
1404 371 1578 444 superfluum,
1592 381 1645 428 eta
1660 375 1748 430 inrctu
1760 392 1879 447 uacuum,

255 444 338 500 ilulto
352 444 498 501 deformior
511 445 556 499 illa
570 452 613 501 est
625 445 769 513 superbla,
791 458 851 513 qtae
863 445 913 499 sub
929 443 1043 513 quibus·
1095 443 1215 511 genitium
1231 441 1357 512 blagister
1370 441 1424 498 boc
1436 442 1535 498 docet?
1551 443 1606 497 uult
1615 445 1689 500 enim
1699 446 1783 507 etiam
1796 457 1882 505 catra-

254 515 314 570 dam
330 513 488 570 humilitatis
502 513 586 584 signis
603 513 680 569 latet.
710 513 806 570 Nescio
820 513 892 569 enim
907 512 1044 585 quomodo
1095 527 1162 567 neos
1175 512 1207 565 ad
1222 509 1437 568 lldemlromines
1450 527 1499 582 por
1512 511 1629 568 bdelium
1644 530 1727 584 opera
1741 515 1882 588 prolicere,

254 586 374 651 turpiora
388 593 451 640 stunt
464 584 538 647 uilla,
555 599 616 639 cum
630 584 758 639 rirtmurn
773 585 796 617 ⁸⁸
809 583 1043 709 speciccelantur.
1095 590 1124 635 ut
1137 582 1295 650 religionem
1306 582 1390 652 ipsam
1406 582 1543 649 religionis
1551 583 1692 654 disciplina
1702 588 1882 646 commendet.

290 655 334 710 ιι,
356 654 425 710 Nulli
439 662 467 709 te
481 669 607 723 umquam
622 653 656 708 de
669 654 776 721 generis
789 670 825 709 no
844 654 929 707 ilitate
943 667 1043 723 praepo
1094 648 1127 704 Et
1141 651 1202 706 ideo
1216 652 1286 706 sicut
1301 652 1442 708 luminaria
1457 652 1595 709 inmundo
1610 653 1701 710 lucere
1714 655 1885 725 nosjrrbnt,

254 741 316 794 nas,
331 740 418 793 neque
435 724 605 779 obscuriores
615 725 637 757 ⁸⁸
651 738 780 795 quasque,
796 732 823 779 et
833 723 974 778 humiliore
985 721 1045 776 loco
1094 719 1121 774 in
1142 720 1232 775 medio
1244 722 1360 777 nationis
1372 737 1461 793 pravae
1471 730 1500 777 et
1518 738 1669 793 perversam
1695 732 1726 780 ut
1739 726 1885 785 incredula·

256 803 343 863 natas,
365 803 392 848 te
404 793 544 848 inferiores
554 802 641 864 putes.
669 794 760 850 Nescit
773 793 867 861 religio
882 801 973 848 nostro
987 806 1045 862 pcr-
1094 791 1353 846 urenteserrantlum
1364 799 1675 849 ernostrorumactuum
1693 795 1794 851 lumine
1810 797 1888 866 igno·

255 880 337 920 sonas
350 864 492 934 accipere,
508 879 557 918 nec
569 863 737 919 conditiones
749 865 906 926 bominum,
921 861 970 918 sed
984 861 1044 915 ani·
1093 860 1189 914 raetiae
1197 875 1258 917 errae
1270 860 1397 917 tenebras
1410 861 1631 931 deprehendant;
1656 864 1727 920 uude
1747 866 1848 936 etipse
1862 870 1886 901 ⁸¹

256 949 315 990 mos
329 933 435 1005 inspicit
445 933 610 1002 singulorum
622 949 630 998 ;
644 950 752 990 servum
766 943 793 989 et
807 932 922 988 nobilem
936 931 971 987 de
985 946 1045 986 mo-
1095 929 1128 983 ad
1143 929 1281 986 Romanos
1294 931 1351 985 alt:
1368 930 1536 986 Providentes
1546 933 1622 997 dono,
1636 949 1689 987 non
1703 935 1786 991 solnm
1797 954 1886 992 cereos

255 1005 330 1059 ribus
341 1004 507 1075 pronuntiat.
528 1002 592 1058 Sola
607 1003 677 1075 apud
693 1003 775 1060 Deum
786 1004 897 1059 libertas
911 1011 973 1066 est,
989 1018 1043 1057 non
1095 999 1161 1064 Deo,
1186 1000 1232 1054 red
1250 1002 1328 1055 ennon
1347 1017 1436 1056 corum
1450 1001 1595 1056 boninitas
1617 1006 1638 1056 ι.
1662 1001 1698 1057 Et
1715 1005 1798 1060 alibi:
1820 1007 1887 1063 Sine

255 1075 357 1129 servire
377 1073 505 1144 peccatis.
537 1072 646 1128 Summa
670 1074 740 1143 apud
755 1072 838 1129 Deum
853 1082 894 1127 est
907 1073 1043 1139 nobilitas,
1094 1069 1239 1139 offensione
1252 1080 1334 1126 estote
1346 1069 1457 1136 luderis,
1473 1082 1499 1125 et
1511 1072 1638 1144 omnmo,
1653 1082 1679 1127 et
1688 1072 1814 1130 tatano
1825 1076 1885 1140 Dei.

255 1144 358 1199 clarum
370 1159 430 1199 essc
442 1143 597 1198 uirtutibus.
618 1142 686 1211 Quid
696 1144 768 1214 apud
782 1144 865 1198 ιιιιιιιι
879 1143 906 1197 in
918 1143 982 1198 viris
992 1158 1045 1197 no-
1093 1141 1160 1194 siont
1172 1157 1219 1212 epo
1229 1157 1275 1211 per
1284 1142 1371 1196 omnin
1385 1140 1505 1196 omnibus
1513 1143 1613 1223 placeo,
1625 1159 1677 1197 oon
1690 1160 1809 1216 querens
1818 1156 1887 1218 qnod

255 1213 335 1270 bilius
348 1212 440 1281 Petro,
454 1214 500 1281 qui
513 1214 630 1284 piscator
646 1221 674 1268 et
685 1229 788 1284 pauper
799 1213 871 1268 luit?
885 1213 949 1283 quid
963 1212 991 1267 in
1005 1212 1045 1268 le·
1094 1211 1158 1265 milri
1171 1211 1235 1264 stite
1244 1218 1294 1275 est,
1309 1210 1354 1265 sed
1366 1212 1435 1283 qnod
1445 1212 1533 1266 mulne
1547 1212 1571 1265 l.
1591 1212 1689 1268 ιιιιιιιι
1703 1221 1745 1268 est
1761 1217 1808 1284 qui
1830 1226 1886 1272 taur

256 1284 336 1339 minis
350 1285 428 1338 beata
445 1285 526 1338 tlaria
541 1284 690 1343 illustrius.
714 1299 775 1354 quae
794 1298 892 1352 sponsa
909 1283 978 1337 labri
993 1281 1044 1337 de·
1094 1288 1188 1336 sancte
1201 1288 1310 1349 tamque
1324 1282 1442 1364 grauiter
1451 1281 1585 1351 disposuit
1597 1283 1680 1337 uitam
1700 1298 1786 1350 suam,
1808 1286 1887 1342 otde

254 1355 403 1410 scribitur?
417 1353 465 1409 sed
479 1353 516 1408 illi
531 1354 657 1423 piscatori
672 1360 700 1408 et
711 1354 824 1424 pauperi
838 1352 955 1410 ooelestis
968 1354 1045 1422 regni
1094 1363 1128 1405 co
1142 1351 1243 1406 sinistri
1254 1349 1356 1420 aliquid
1371 1366 1405 1406 ne
1423 1349 1486 1419 ungi
1500 1350 1611 1421 quidem
1630 1352 1734 1422 possit3
1756 1355 1820 1423 duum
1836 1354 1887 1411 ad·

255 1437 272 1477 a
292 1423 400 1478 Christo
413 1423 452 1495 (b)
465 1423 612 1480 creduntur
625 1423 716 1479 clares
729 1433 763 1491 ¹3
788 1423 845 1479 baec
862 1439 876 1478 s
896 1436 962 1479 ortsa
976 1423 1045 1480 labri
1095 1435 1188 1475 versus
1201 1422 1412 1477 obtrectatorum
1434 1421 1572 1476 libidinem
1596 1432 1698 1492 pugnat
1715 1424 1804 1479 meriti
1828 1440 1886 1481 ma·

255 1493 354 1548 meruit
367 1508 427 1548 esse
447 1502 534 1549 mater
557 1493 629 1549 illius
657 1508 673 1549 a
697 1508 752 1577 quo
776 1494 839 1563 ipsae
861 1438 952 1549 cinnes
975 1493 1045 1549 datae
1094 1489 1225 1559 gnitudo,
1250 1505 1301 1545 uec
1326 1488 1681 1615 fingereguisquamausns
1704 1494 1843 1563 estquod
1869 1511 1885 1552 ι

255 1570 335 1627 sunt:
359 1563 524 1634 eleotreoim
541 1561 748 1636 beatimundo
761 1572 786 1618 et
800 1563 983 1618 mntemtidilin
996 1564 1045 1617 bn·
1094 1559 1169 1615 nullo
1180 1567 1258 1631 putat
1269 1574 1329 1616 esse
1342 1561 1439 1616 creden
1459 1577 1513 1615 um.
1529 1561 1606 1627 Quod
1621 1563 1643 1617 si
1659 1562 1684 1616 id
1696 1565 1802 1633 assequi
1811 1564 1886 1619 dilli-

255 1634 297 1756 ιιι
312 1634 400 1688 modi
412 1636 424 1673 l
438 1678 445 1697 ,
470 1641 500 1689 ut
514 1641 638 1704 potentes
651 1648 683 1690 ac
701 1634 804 1689 nobiles
818 1633 852 1688 ad
866 1633 1044 1689 bumilitatem
1094 1630 1147 1686 cile
1160 1638 1242 1699 atque
1256 1629 1336 1687 nimis
1355 1630 1470 1686 arduum
1483 1639 1543 1695 est.
1565 1631 1660 1686 saltem
1673 1631 1744 1689 barre
1755 1633 1885 1690 adhibes·

266 1705 360 1759 :sollius
378 1704 533 1759 adduceret.
560 1703 626 1759 Nam
646 1712 676 1758 et
689 1703 756 1759 alias
769 1702 867 1759 trustra
881 1703 932 1759 sibi
946 1704 1044 1774 aliquis
1062 1737 1082 1798 B
1096 1714 1155 1754 murs
1168 1701 1230 1755 vite
1243 1708 1344 1771 nostre
1356 1699 1531 1768 diligentiam,
1547 1716 1581 1756 ιθ
1595 1702 1673 1757 111²!oe
1684 1712 1789 1758 urentes
1802 1719 1886 1760 occa·

255 1772 290 1827 de
305 1772 444 1829 nobilitate
457 1775 563 1842 generis
576 1773 734 1845 applaudit,
758 1788 821 1829 cunr
840 1774 957 1830 uniuersi
971 1774 1045 1843 paris
1095 1768 1202 1826 sionem
1215 1769 1542 1837 inveniantdetrabendi;
1576 1786 1611 1826 ne
1629 1787 1663 1827 ex
1677 1772 1756 1828 nobis
1766 1772 1885 1829 scintilla

257 1842 367 1898 lionoris
381 1851 409 1898 ct
425 1843 546 1912 ejusdem
570 1843 641 1914 apud
656 1843 739 1899 Deum
754 1842 975 1915 pretiisint,qui
989 1859 1044 1899 uuo
1095 1840 1244 1963 procedat,
1280 1855 1330 1910 per
1350 1855 1432 1911 quarn
1454 1840 1582 1897 aduersos
1601 1856 1650 1897 nos
1670 1842 1786 1898 sinistre
1808 1842 1886 1901 laruae

255 1911 355 1968 curisti
366 1915 496 1984 sanguine
506 1921 569 1969 sunt
580 1913 692 1969 redemti
705 1931 712 1967 :
725 1929 775 1970 nec
785 1916 897 1969 interest
919 1929 971 1982 qua
982 1914 1043 1982 quis
1108 1925 1203 1971 ,amma
1216 1908 1365 1967 condetur:
1389 1910 1508 1980 alloquin
1526 1908 1624 1966 bostra
1637 1912 1778 1967 irascimur
1792 1915 1885 1970 obtre-

255 1983 410 2039 conditione
425 1993 503 2038 natus
512 1983 556 2047 sit,
571 1998 634 2040 curn
646 1999 741 2039 omnes
750 1984 777 2038 in
790 1983 897 2039 Christo
906 1984 1046 2055 equaliter
1095 1980 1244 2036 ctatoribus
1257 1982 1367 2045 nostris,
1382 1980 1406 2035 ol
1424 1981 1464 2036 eis
1477 1980 1515 2052 lp)
1530 1980 1579 2050 ipsi
1593 1981 1761 2038 obtrectandi
1771 1983 1812 2052 (lt)
1827 2000 1881 2039 rna·

254 2068 437 2108 renascamur.
463 2054 528 2108 llam
542 2061 571 2108 et
591 2054 614 2109 si
640 2053 825 2110 obliuiscimur
851 2054 914 2124 quia
936 2069 971 2110 ex
990 2070 1045 2109 uno
1095 2050 1190 2105 teriam
1201 2052 1393 2107 ministremus.
1412 2049 1440 2105 Si
1453 2059 1553 2116 autem,
1563 2052 1642 2107 nobis
1652 2051 1795 2121 diligenter
1803 2062 1885 2123 atque

255 2137 351 2178 omnes
366 2123 486 2191 generati
500 2139 611 2189 suranus,
626 2124 722 2178 saitem
736 2123 763 2179 id
774 2140 881 2194 semper
890 2124 1045 2181 meminisse
1095 2119 1210 2176 sollicite
1222 2122 1312 2176 omnia
1326 2120 1360 2175 ad
1372 2120 1454 2192 7ἠο
1477 2121 1645 2176 honestatem
1668 2123 1882 2192 providentibus,

255 2191 399 2256 debemus,
412 2194 474 2263 quia
488 2208 633 2264 perunum
647 2209 740 2248 ornnes
753 2208 953 2264 regeneramur.
1095 2191 1254 2261 cunctisque
1273 2190 1378 2246 actibus
1396 2191 1495 2245 nostris
1514 2192 1639 2247 timorem
1653 2191 1702 2247 Dei
1715 2193 1884 2262 praeferenti·

290 2261 336 2317 tt.
355 2261 437 2325 (lare,
453 2278 487 2319 ne
500 2262 522 2318 si
533 2263 657 2332 ieiunare
670 2271 717 2318 aut
728 2265 863 2319 abstinere
877 2263 1003 2333 emperie,
1016 2271 1044 2318 te
1095 2260 1156 2327 bus,
1171 2260 1210 2315 illi
1222 2262 1395 2316 nibilominus
1409 2259 1560 2315 insaniunt:
1576 2262 1731 2317 consoletur
1750 2279 1802 2318 nos
1813 2279 1883 2319 con·

255 2340 334 2403 putes
348 2348 408 2387 esse
419 2332 474 2401 jam
489 2341 630 2398 sauctam;
653 2334 795 2389 badenim
809 2334 894 2388 uirtus
909 2332 1045 2402 adjumcn·
1095 2331 1207 2385 scientia
1231 2339 1342 2397 nostra;
1364 2338 1501 2400 quantuor¹
1522 2331 1639 2387 maxime
1657 2339 1715 2386 tuta
1738 2340 1799 2387 est.
1820 2340 1884 2390 tune

254 2409 313 2456 tum
323 2411 373 2468 est,
390 2418 445 2458 non
458 2401 588 2474 perfectio
602 2404 752 2458 sanctitatis
764 2421 771 2469 ;
786 2404 925 2471 magisque
940 2403 965 2457 id
979 2418 1043 2472 pro·
1095 2401 1197 2468 optime
1210 2416 1305 2457 sectura
1319 2410 1370 2466 est,
1382 2414 1443 2455 cum
1459 2415 1493 2456 ue
1505 2401 1674 2456 occasionem
1688 2401 1796 2470 quidem
1811 2404 1884 2458 male

254 2471 399 2526 videndum
414 2481 472 2536 est,
497 2472 679 2534 aedilhun,
703 2473 775 2541 quod
788 2472 861 2527 licita
875 2481 1043 2541 csmtemnas,
1095 2467 1131 2523 de
1144 2485 1173 2524 se
1185 2472 1317 2526 sentiendi
1332 2470 1421 2525 dedit:
1441 2470 1574 2525 illisenim
1592 2488 1632 2526 ιιι
1643 2471 1741 2526 dicitur
1754 2488 1803 2542 per
1818 2488 1883 2543 pro-

254 2542 427 2596 securitatem
451 2542 593 2612 quamdam
618 2542 771 2597 illicitorum
791 2541 880 2597 iaciat.
910 2542 1045 2611 Quidquid
1094 2541 1213 2611 phetam,
1228 2542 1272 2612 qni
1282 2542 1370 2595 dicunt
1381 2541 1449 2612 qnod
1462 2542 1556 2595 donum
1570 2549 1609 2595 ert
1620 2542 1726 2606 notam,
1741 2544 1785 2614 qni
1801 2543 1882 2597 brem

254 2625 336 2679 supra
346 2611 477 2680 justitiam
491 2610 602 2665 ollcrtur
617 2610 683 2677 Deo,
699 2628 752 2665 non
764 2612 844 2667 debet
858 2613 988 2683 impedire
1000 2615 1044 2682 ju·
1094 2611 1226 2681 appellant
1244 2611 1377 2672 tenebrat,
1400 2620 1426 2665 et
1446 2612 1514 2683 qnod
1544 2610 1618 2665 dulce
1636 2621 1674 2665 est
1703 2628 1819 2666 omnnia
1839 2629 1883 2667 uo-

254 2681 367 2748 stiriam,
382 2681 429 2736 sed
443 2680 572 2749 adiuuare
583 2681 604 2712 o
618 2698 624 2734 ι
640 2682 704 2750 quid
714 2691 803 2736 autem
815 2683 925 2753 prodest
936 2682 1044 2738 teuumi
1094 2691 1154 2733 cont
1164 2680 1188 2734 ι.
1205 2680 1286 2737 Nobis
1295 2695 1360 2750 ergo
1371 2677 1518 2736 &laetaris
1534 2681 1669 2751 aptabitur
1678 2696 1786 2736 sonno:
1807 2682 1882 2737 [tenti

254 2746 416 2806 abstinentia
430 2766 548 2821 corpus,
572 2751 711 2807 sianimus
724 2753 1043 2823 intumescatsuperbial
1093 2752 1156 2804 estis
1179 2768 1238 2805 cnm
1260 2750 1330 2807 nodia
1353 2751 1536 2805 nwlediaerint
1555 2751 1671 2806 domines
1694 2754 1845 2807 mandentes
1859 2749 1879 2807 ι.

254 2834 335 2889 quam
349 2820 455 2877 laudern
469 2822 632 2878 merebimur
641 2822 675 2877 de
684 2822 787 2892 pallore
794 2821 901 2891 jejunii,
911 2824 933 2878 si
943 2823 1043 2879 invidia
1094 2819 1149 2876 Nos
1161 2822 1242 2878 modo
1253 2821 1280 2877 id
1294 2835 1422 2889 agamus,
1448 2831 1478 2875 ut
1494 2821 1565 2876 male
1578 2821 1613 2876 de
1625 2822 1704 2877 nobis
1717 2838 1798 2878 nemo
1808 2824 1882 2892 loqui

254 2889 329 2947 liridi
343 2891 526 2960 simusiquid
539 2893 645 2946 virtutis
660 2892 741 2947 habet
762 2893 854 2948 viuutn
868 2910 922 2950 troo
936 2892 1039 2959 bibere,
1093 2891 1128 2946 ab
1162 2905 1195 2946 ue
1210 2892 1456 2962 mendaciupossit.

254 2970 284 3016 et
292 2962 331 3016 ira
342 2971 424 3031 atque
432 2961 495 3017 odio
510 2961 659 3017 inebriari?
678 2960 763 3030 Tunc,
779 2963 898 3033 inquam,
913 2963 1042 3034 preclara
1129 2960 1147 3013 ι
1167 3002 1174 3016 .
1194 2960 1233 3015 ita
1248 2962 1347 3017 habeto
1359 2961 1566 3016 sollicitudinem
1583 2959 1700 3028 domus,
1721 2970 1752 3016 ut
1765 2962 1881 3034 aliquam

253 3039 296 3086 ost
305 3032 482 3096 abstinentia,
496 3040 560 3088 tunc
574 3032 665 3102 pulcra
679 3042 761 3103 atque
773 3033 913 3105 magnillca
928 3035 994 3089 casti
1014 3052 1042 3090 ι-
1094 3039 1185 3086 tannen
1197 3032 1366 3088 uacationem
1380 3033 1477 3086 animae
1497 3031 1609 3086 tribuas.
1630 3029 1751 3099 Eligatur
1763 3033 1812 3088 tibi
1830 3049 1881 3104 op·

254 3101 292 3156 tio
307 3103 437 3171 corporis.
454 3117 515 3156 cum
530 3114 572 3157 est
585 3102 689 3157 animus
700 3103 735 3172 (c)
743 3103 853 3171 jejunus
866 3120 882 3158 a
896 3104 974 3159 vitiis.
989 3050 1040 3160 ιιι-
1055 3110 1244 3226 oportunus,
1266 3111 1294 3158 et
1308 3102 1474 3170 aliquantum
1489 3116 1504 3155 a
1517 3099 1623 3155 lamiliae
1635 3102 1749 3170 strepitu
1760 3114 1881 3159 ιιιιιιιιιι

253 3187 298 3226 run
309 3172 354 3240 qui
365 3171 540 3241 probabiliter
554 3187 586 3226 ac
604 3172 721 3227 scienter
731 3174 898 3229 abstinentie
914 3176 1041 3230 uirtutem
1103 3186 1187 3235 ocus,
1204 3173 1231 3227 in
1245 3187 1324 3244 quem
1340 3180 1368 3226 tu
1379 3214 1388 3240 ,
1399 3171 1473 3226 uelut
1485 3172 1511 3226 in
1521 3180 1645 3241 portum,
1659 3172 1736 3243 qnasi
1750 3188 1785 3228 ex
1798 3175 1880 3229 multa

252 3248 357 3305 tenent,
378 3256 412 3294 eo
427 3238 547 3307 affligunt
560 3256 668 3295 carnem
683 3258 769 3303 suam,
791 3260 845 3312 quo
860 3244 955 3297 animae
969 3242 1043 3299 lran-
1092 3249 1253 3313 tempestate
1271 3257 1395 3298 curarum
1416 3250 1443 3296 te
1456 3242 1589 3311 recipias,
1613 3249 1642 3296 et
1660 3243 1794 3298 excitatos
1817 3239 1882 3300 loris

252 3310 478 3377 gantsuperbiam
491 3328 497 3361 ε
511 3317 540 3364 ιιι
553 3310 629 3379 quasi
639 3310 672 3364 de
681 3312 798 3381 quodam
809 3312 914 3381 lastigie
924 3324 1043 3368 coutem-
1092 3314 1285 3381 cogitationum
1299 3311 1395 3367 lluctus
1409 3312 1507 3367 secreti
1518 3312 1709 3380 tranquillitate
1721 3328 1879 3383 componas.

252 3386 296 3433 tus
309 3379 349 3433 sui
363 3386 444 3448 atque
462 3382 621 3449 arrogantiae
643 3379 807 3436 descendant
827 3383 861 3436 ad
878 3383 1042 3452 implendam
1093 3380 1208 3437 Tantum
1223 3383 1259 3438 ibi
1276 3384 1310 3439 sit
1324 3382 1420 3437 divinae
1434 3381 1557 3437 lectionis
1570 3380 1699 3451 studium,
1715 3384 1880 3439 ιιιιιιιιιιιιι

253 3445 358 3503 llomiui
371 3450 548 3515 voluntatem,
568 3465 629 3519 quae
642 3452 759 3506 maxime
773 3453 799 3505 iu
814 3452 965 3508 humilitate
977 3470 1040 3524 per·
1092 3453 1244 3510 orationum
1259 3453 1341 3517 uices,
1365 3459 1420 3506 tam
1436 3453 1512 3506 lirma
1526 3461 1555 3507 et
1568 3466 1660 3521 pressa
1674 3453 1707 3507 de
1717 3452 1814 3522 laturis
1833 3469 1880 3510 co·

252 3517 350 3574 licitur.
386 3518 488 3576 idcirco
508 3537 524 3575 a
548 3520 630 3576 variis
654 3522 735 3592 739
757 3522 879 3578 cibomm
901 3523 1042 3580 desideriis
1091 3523 1206 3592 pitatio,
1229 3531 1258 3578 ut
1278 3537 1374 3577 omnes
1386 3521 1481 3592 reliqui
1497 3522 1626 3647 temporis
1637 3524 1831 3592 occupationes
1840 3524 1880 3580 la·

251 3598 369 3643 mentem
382 3590 523 3646 retrabunt
533 3622 553 3657 ,·
566 3599 595 3644 ut
610 3599 694 3645 totam
714 3591 772 3660 ejus
790 3594 844 3647 vim
859 3602 991 3663 occupent
1013 3595 1041 3650 in
1091 3593 1143 3648 eile
1155 3593 1206 3648 bac
1216 3593 1358 3649 roenuone
1366 3606 1535 3662 compenses.
1570 3591 1610 3648 'ec
1622 3593 1674 3649 boc
1684 3593 1745 3648 ideo
1756 3593 1877 3661 dicbnos,

251 3659 396 3729 eupiditate
418 3663 564 3717 uirtutum:
585 3661 695 3733 jamque
718 3662 807 3717 minus
826 3662 990 3733 jejuniorum
1014 3674 1041 3720 et
1091 3676 1145 3732 quo
1160 3671 1187 3719 tc
1200 3665 1395 3718 retrahamusa
1418 3662 1488 3717 tuisr
1515 3663 1597 3717 immo
1614 3662 1641 3717 ιιι
1656 3665 1778 3732 agimus,
1801 3672 1830 3719 ut
1843 3665 1877 3719 ibi

251 3730 418 3786 abstinentiae
432 3730 551 3787 laborem
565 3747 629 3786 caro
641 3732 733 3797 sentit,
746 3734 835 3788 anima
848 3734 983 3789 esuriente
994 3732 1041 3803 ju·
1090 3734 1190 3801 discas,
1208 3733 1299 3804 ibique
1319 3732 1457 3788 mediteris
1478 3732 1653 3803 qualemtuis
1665 3735 1786 3803 praebere
1800 3742 1827 3790 te
1836 3734 1879 3791 de·

250 3799 361 3855 stillam.
382 3801 448 3856 Nam
460 3810 486 3857 ct
502 3818 549 3858 vas
563 3802 703 3858 electionis
717 3800 815 3858 Paulus
828 3816 850 3871 ι,
864 3804 902 3872 (d)
918 3820 978 3860 curn
992 3820 1040 3859 ca-
1089 3802 1165 3858 beas.

250 3869 330 3936 stigot
344 3887 442 3955 corpus
461 3887 558 3936 suum,
580 3879 607 3926 ct
622 3874 647 3928 in
661 3872 817 3929 servitutem
831 3874 942 3943 redigit,
967 3890 1002 3929 ne
1017 3878 1039 3908 ⁰¹
1126 3872 1170 3926 ιιι.
1189 3873 1330 3929 Familiam
1340 3880 1415 3928 tuam
1426 3871 1462 3927 ita
1472 3886 1537 3942 rege
1550 3880 1578 3928 et
1590 3870 1715 3941 conium,
1739 3881 1769 3928 ut
1783 3882 1810 3929 te
1823 3889 1878 3929 rna·

250 3938 310 3993 aliis
321 3944 470 4010 prodimus
485 3943 540 4025 ipse
554 3944 684 4011 reprobus
699 3943 859 4008 inueniatur,
876 3960 930 3999 non
945 3946 980 4000 ob
994 3960 1041 3999 so-
1091 3950 1160 3998 trem
1182 3945 1266 4012 magis
1288 3952 1396 3998 tuorum
1415 3957 1496 4013 quam
1517 3944 1653 3998 dominam
1673 3944 1757 3998 videri
1770 3945 1847 4013 uelis,
1861 3959 1877 3998 a

251 4008 313 4074 lam,
331 4019 360 4066 ιιι
372 4012 482 4080 quidam
496 4013 618 4093 rrnperiti-
628 4019 733 4082 putant.
750 4013 801 4067 boc
815 4014 878 4069 larcit
892 4016 914 4046 ⁶¹
930 4016 1041 4070 castita-
1090 4013 1187 4083 quibus
1205 4015 1268 4069 beni
1287 4015 1370 4068 nitate
1384 4012 1474 4083 potius
1491 4028 1572 4083 quarn
1586 4014 1731 4069 severitate
1744 4016 1821 4083 exige
1834 4030 1877 4070 re·

250 4086 304 4160 tem
317 4118 324 4141 ,
339 4096 393 4135 non
409 4083 480 4135 enim
495 4082 557 4136 burc
569 4081 764 4161 tantummodo,
780 4082 827 4139 scd
842 4084 967 4138 omnibus
980 4100 1040 4139 om·
1092 4084 1247 4139 senentiam.
1268 4027 1385 4138 §idalius
1395 4089 1422 4137 et
1431 4083 1534 4150 gratius
1546 4098 1653 4154 semper
1662 4083 1875 4153 obsequiumest,

249 4163 315 4203 nmo
331 4150 471 4205 uirtutibus
486 4150 646 4204 abstinentia
661 4151 826 4220 opitulatur:
842 4166 930 4222 neque
944 4168 1040 4223 magna
1090 4154 1163 4274 ffffl'd
1177 4155 1211 4209 ab
1225 4169 1327 4217 amore,
1345 4167 1424 4223 quam
1439 4153 1511 4222 quod
1526 4163 1628 4209 amctu
1642 4153 1674 4223 (il
1689 4154 1874 4224 proficiscitur.

249 4226 296 4271 aut
310 4226 366 4273 tota
379 4220 500 4289 Apostoli
516 4220 601 4288 gloria
616 4228 656 4274 cst
678 4236 733 4274 non
759 4219 905 4277 fornicari:
927 4224 975 4278 sed
989 4224 1041 4282 boc
1114 4225 1229 4293 necipue
1243 4228 1334 4278 auter'n
1349 4224 1376 4277 in
1391 4221 1517 4290 coniugio
1529 4223 1675 4279 venerabili
1690 4232 1773 4293 atque
1786 4226 1879 4281 imma·

249 4287 306 4354 agit
342 4297 371 4343 ut
394 4290 569 4357 castigatione
593 4291 714 4358 corporis
750 4292 888 4347 erudiatur
915 4295 1039 4362 animus3
1090 4294 1181 4348 culato
1196 4294 1350 4364 apostolieae
1364 4293 1463 4362 regulae
1476 4294 1545 4349 ordo
1557 4301 1691 4348 teneatur.

249 4367 405 4437 qrrarrtoque
417 4359 455 4414 nil
467 4375 499 4413 ex
515 4360 697 4431 uoluptatibus
707 4363 882 4431 concupiscit,
894 4370 970 4419 tanto
983 4381 1042 4419 ma·
1125 4362 1169 4417 td.
1189 4364 1319 4419 Servetur
1332 4363 1462 4433 imprimis
1475 4364 1534 4418 uiro
1550 4364 1682 4418 autoritas
1693 4379 1757 4430 sua,
1770 4374 1798 4419 to
1862 4380 1878 4420 o

249 4439 291 4549 ἧι
315 4428 400 4496 possit
423 4430 457 4483 de
481 4432 623 4485 uirtutibus
644 4431 782 4499 cogitare;
810 4448 843 4488 ne
865 4434 1040 4503 perfectionis
1091 4446 1106 4486 a
1127 4439 1155 4487 te
1169 4431 1255 4490 discat
1276 4433 1373 4489 domus
1385 4440 1513 4502 quantum
1529 4434 1568 4488 illi
1587 4433 1699 4489 bonoria
1712 4435 1820 4490 debeat.
1862 4450 1877 4488 u

277 4495 402 4579 aristoni
418 4498 602 4570 imperfectum
621 4500 719 4570 aliquid
733 4502 760 4555 in
781 4516 810 4558 se
833 4504 958 4557 ostendat
967 4522 977 4570 ,·
1003 4520 1038 4560 ne
1054 4478 1078 4538 ⁰
1092 4502 1166 4557 illum
1180 4504 1319 4559 dominum
1333 4503 1463 4573 obsequio
1476 4510 1536 4570 tuo,
1558 4512 1588 4558 tu
1603 4518 1730 4572 magnum
1745 4502 1820 4559 illum
1834 4515 1876 4558 tua

248 4560 348 4621 Clrrrstr
368 4571 514 4624 imitator‘
539 4580 614 4626 extra
635 4579 796 4642 praeceptum
819 4573 964 4643 quidquam
991 4583 1039 4630 aut
1092 4571 1243 4628 bumilitate
1257 4575 1429 4638 demonstra3
1451 4574 1596 4643 tantoipsa
1610 4574 1767 4630 honoratior
1779 4574 1877 4640 lutura,

248 4635 413 4693 voluntatem
424 4639 523 4694 Christi
539 4640 628 4708 laniat,
640 4656 707 4695 neve
722 4642 810 4698 minus
823 4643 947 4713 exemplo
957 4658 1038 4713 quam
1092 4652 1195 4711 quanto
1210 4643 1283 4698 illum
1297 4643 1411 4714 amplius
1426 4643 1614 4699 honorareris.
1642 4642 1727 4715 Copst
1744 4646 1836 4710 siritu,
1851 4654 1879 4700 ut

248 4706 331 4761 verbo
341 4707 437 4763 doceat
449 4726 456 4773 ;
471 4725 585 4781 cumque
595 4712 654 4766 aliis
666 4711 860 4780 predicarent.
875 4714 930 4783 ipse
943 4729 1038 4783 repro·
1092 4714 1131 4765 ιιι
1144 4713 1288 4784 Apostolus
1302 4713 1333 4777 ιι,
1359 4712 1474 4767 molieris
1486 4723 1525 4768 est
1534 4715 1572 4769 nir
1581 4723 1601 4752 τι
1615 4731 1621 4768 r
1639 4729 1688 4769 nec
1703 4714 1811 4769 aliunde
1824 4730 1880 4768 rna-

248 4774 336 4839 betur,
353 4778 389 4859 (⁶)
405 4779 549 4850 audiatque
560 4797 621 4843 curu
636 4781 798 4837 Pbarisaeis:
814 4781 911 4838 Dicunt
920 4783 998 4851 enim,
1015 4791 1040 4838 ct
1093 4783 1135 4850 gis
1148 4783 1283 4852 reliquum
1297 4797 1395 4852 eorpus
1409 4790 1532 4849 oraretur,
1567 4795 1628 4838 unm
1642 4798 1677 4839 cx
1691 4784 1787 4855 capitis
1796 4784 1880 4852 dignui-

248 4847 413 4969 noolncront
430 4848 451 4903 ι.
622 4856 625 4861 ‘
1089 4860 1153 4906 tate.
1176 4850 1254 4907 Unde
1269 4851 1340 4908 idem
1354 4852 1418 4907 alibi
1429 4851 1512 4907 dicit:
1565 4855 1668 4919 alienes,
1682 4855 1879 4911 miditoeestote

282 4918 300 4965 ι
320 4956 326 4969 .
348 4916 493 4986 Apostolici
509 4935 573 4975 uero
587 4930 615 4976 et
630 4922 756 4992 precepti
770 4931 812 4978 est
824 4930 852 4977 et
865 4921 992 4992 exempli,
1007 4929 1038 4976 ut
1087 4922 1170 4988 oiris,
1186 4923 1252 4977 riom
1266 4930 1365 4993 oportet
1381 4924 1411 4976 in
1428 4922 1572 4977 nominor.
1596 4923 1650 4978 Sed
1670 4935 1698 4979 et
1718 4926 1815 4980 beatus
1829 4921 1878 4978 re·

249 4985 282 5057 (l)
295 4985 442 5043 habeamus
455 4989 588 5046 rationem
598 5008 653 5046 non
667 4993 837 5049 conscientie
852 5001 973 5059 tanturn,
989 4990 1038 5048 scd
1089 5002 1146 5047 trus
1161 4993 1300 5063 apostolus
1314 4993 1354 5047 ait
1372 5010 1380 5047 ι
1396 4990 1523 5047 Similiter
1534 4994 1567 5066 (j)
1580 5002 1666 5048 aanor
1684 4994 1806 5050 nonlieres
1819 4994 1878 5049 aab·

282 5119 404 5175 tilattb.
419 5137 473 5186 xm,
491 5118 534 5175 te.
572 5121 779 5183 bienniis.
819 5119 1050 5183 elenensi.
1089 5121 1395 5194 ‘trecenteno
1433 5123 1723 5192 ‘viderentque
1764 5127 1877 5184 litattb.

248 5191 362 5254 turini.
402 5190 633 5251 tironensis.
670 5191 897 5262 titutionis.
938 5192 1162 5258 ‘Romanii
1201 5192 1498 5261 arconnatetes.
1535 5193 1877 5261 *renovassetis

249 5262 466 5330 ldlattb.v,ll.
504 5261 714 5329 nicomas.
752 5262 837 5319 nCol.
852 5278 891 5328 u,
907 5261 949 5317 18.

280 5398 318 5463 (ni
335 5396 380 5451 Sic
394 5396 474 5451 iidem
489 5394 605 5477 codices.
619 5394 659 5449 Ed
682 5394 775 5461 Rosia,
792 5394 918 5450 urrtbram.
1128 5398 1169 5537 (ἢ
1181 5395 1221 5452 lla
1235 5412 1286 5451 ιιιι.
1297 5394 1350 5479 Jol.
1366 5406 1394 5453 et
1406 5396 1533 5453 Saoehin.
1542 5396 1633 5479 'Abas
1647 5396 1723 5468 t'prt‘s.
1864 5448 1868 5453 .

280 5468 318 5536 (b)
335 5466 383 5564 ils.
397 5466 482 5521 codex
494 5464 624 5566 lolianus,
640 5466 781 5520 donanter.
1130 5470 1156 5591 *a
1184 5467 1380 5539 blanuscrrptus
1392 5467 1478 5523 codex
1497 5465 1618 5525 lolianus
1634 5484 1695 5522 cunt
1710 5470 1792 5528 editis
1804 5471 1877 5527 Rom.

282 5541 307 5604 (c
333 5537 381 5591 ιιι.
393 5536 458 5601 ιιι,
473 5535 595 5591 orandun,
1094 5545 1121 5594 et
1156 5553 1230 5600 nnc..
1245 5539 1378 5593 noerius,

293 5544 320 5674 J)
336 5607 383 5661 ild.
400 5606 495 5671 Rosa,
511 5606 582 5661 deum.
1131 5606 1243 5677 (illisa.
1269 5605 1322 5661 dol.
1347 5617 1376 5664 et
1395 5606 1482 5673 vict,
1507 5608 1643 5678 mcipitor.
1663 5606 1731 5665 Ειιιι.
1753 5610 1832 5668 Rom.
1853 5622 1878 5666 et

293 5676 319 5815 ιζ
334 5675 404 5757 ιζιιιιι
419 5676 528 5758 codices
542 5675 622 5731 llom.
639 5684 667 5732 et
681 5673 766 5734 Pone.
781 5676 1040 5735 adduutnDonrlno.
1094 5676 1189 5758 Ponc..
1206 5679 1355 5746 percipitur.
1501 5748 1507 5760 .
1564 5722 1567 5727 ,
1608 5748 1614 5759 ⁹
1734 5750 1766 5764 ..

296 5751 307 5816 ι
335 5745 417 5803 lrdeur
431 5747 552 5813 codices,
569 5763 695 5802 coronas.
1132 5753 1166 5820 pl
1183 5747 1228 5803 ilar
1242 5747 1301 5804 duae
1316 5762 1415 5816 roceo,
1427 5762 1487 5818 quau
1501 5763 1527 5804 rn
1541 5748 1667 5806 omnibus
1680 5749 1817 5808 corircrbus
1830 5765 1877 5806 no·

1997 126 2005 227 l
