4034 6184
139 284 187 339 lli
806 269 973 328 aristote
991 269 1081 329 xxiii.
1721 255 1774 316 sit

140 407 213 454 mum
237 392 421 455 inimiwfflffl.
440 402 475 444 ’θ
506 388 589 444 elim
614 391 769 440 utilimum
792 395 931 445 senatum,
947 387 969 441 A
984 379 1112 436 Pharisei
1135 379 1284 451 dapsilitas.
1297 379 1402 436 Etenim
1424 380 1711 451 dispositiasecuiis'·
1725 383 1773 453 (ι’.

140 486 228 542 salvos
241 497 293 538 iios
306 479 389 536 iaciat
408 492 424 533 a
441 473 541 547 pusillo
559 471 664 537 aniioo,
678 478 707 526 ει
720 475 881 540 tempestate
898 477 910 504 ·
925 485 933 531 ;
986 478 1044 525 not.
1060 467 1116 538 tsi
1131 471 1291 525 sacramenti
1304 470 1373 525 ordo
1386 472 1521 540 poscebat,
1542 472 1619 542 iuxta
1632 474 1704 529 iiiam
1718 474 1776 530 iios

141 573 367 642 numidamque
379 569 458 625 nobis
470 565 505 622 ad
519 564 835 634 tranquillissimum,
849 560 934 616 maria
987 560 1072 630 patris
1095 560 1280 631 propheticam
1303 561 1529 627 benedictionem,
1553 563 1579 617 in
1603 564 1775 619 tabernacula

26 704 27 723 r
141 670 300 724 consternat
310 669 341 717 ut
350 660 426 730 quasi
441 651 935 723 navessuarumoncrariasopumdc·
987 648 1177 707 Scmtvansire
1190 650 1384 707 habitationem
1396 650 1520 723 iapheth,
1536 653 1588 708 hoc
1601 661 1644 709 est
1657 654 1683 709 in
1695 655 1776 711 doino

142 755 223 812 ducat
245 754 273 808 iii
295 759 404 823 portum
424 745 557 813 salutisl,
578 745 787 814 victricibusque
808 742 936 800 ductuum
988 740 1054 809 legis
1076 750 1105 795 et
1129 741 1332 812 prophetarum,
1357 740 1505 797 Ecclesiam
1528 742 1618 813 potius
1637 742 1776 812 justitlcari

143 843 279 918 puppibus
290 840 390 898 virides
403 839 480 894 lctus
494 837 615 907 imponat
628 849 753 891 coronas.
988 831 1242 901 (Ambrosiilmiin
1252 828 1778 902 bac.vni,minoreuitsmporomacvo⁷¹,

178 935 224 990 il.
243 933 335 989 Simus
348 928 497 987 etdextera
511 924 633 996 eiusdem
645 935 669 990 ⁰,
683 924 730 994 qui
741 929 814 979 totus
826 921 937 978 dextera
987 924 1036 979 sed
1045 924 1138 992 gratiae
1150 923 1210 993 iege
1222 922 1351 992 maiorem
1364 940 1371 988 ;
1387 922 1458 978 unde
1470 923 1554 993 ipsius
1566 923 1594 977 in
1606 921 1729 979 lobanne
1739 924 1778 996 (i)

26 1040 27 1079 ἲ
144 1039 196 1098 est,
211 1045 265 1083 uon
279 1026 410 1081 babentes
424 1020 565 1078 inactibus
579 1018 679 1072 nostris
691 1016 826 1072 sinistram
841 1030 848 1067 ε
865 1021 896 1067 ut
904 1011 938 1065 ad
989 1013 1055 1081 legis
1069 1026 1183 1082 persona
1204 1009 1346 1082 proiitetitr
1361 1030 1368 1064 z
1384 1009 1643 1078 Quipostiacaeivit,
1663 1022 1724 1069 ante
1738 1030 1779 1068 me

144 1121 286 1177 deseram
296 1113 484 1175 ludicisstare,
496 1107 539 1163 rel
550 1106 641 1178 potios
649 1104 762 1161 dextera
776 1099 939 1174 ipsiusludi·
989 1103 1074 1172 sucus
1085 1109 1133 1162 eit,
1148 1101 1209 1172 quio
1223 1099 1293 1170 prior
1306 1115 1347 1153 nis
1358 1107 1415 1153 crat
1429 1095 1453 1153 l.

146 1211 184 1267 cis
195 1218 438 1268 asscmcreanqu
452 1208 481 1254 et
490 1213 573 1269 opera
584 1203 676 1251 nostra
687 1195 714 1249 in
728 1192 772 1248 die
785 1189 939 1248 retributio-
1025 1192 1070 1247 35.
1091 1190 1127 1246 Ut
1143 1199 1232 1247 sutem
1253 1190 1334 1246 etiam
1354 1191 1381 1246 iu
1400 1198 1466 1262 typo
1485 1197 1645 1259 congrueret
1659 1190 1779 1247 Ecclesia

147 1300 187 1357 nis
206 1298 279 1353 sicin
292 1293 405 1364 capillos
425 1289 468 1347 sui
491 1287 588 1357 capitis
602 1285 731 1340 hominus
754 1288 941 1339 remunerator
990 1281 1071 1352 capiti
1085 1295 1145 1345 sno,
1159 1279 1228 1336 hene
1243 1277 1357 1335 formam
1366 1278 1585 1350 peccatricisii.
1602 1288 1661 1334 not.
1671 1279 1716 1350 9⁰)
1730 1295 1780 1336 ac·

147 1381 342 1448 euanescit,
356 1391 387 1436 ot
400 1381 458 1452 ipsc
468 1378 524 1449 jam
539 1373 665 1448 prelatus
683 1382 725 1431 cst
743 1373 769 1427 io
781 1368 937 1438 Evangelio,
990 1379 1109 1443 ceperat,
1123 1370 1186 1440 quia
1199 1368 1321 1425 Christus
1331 1382 1439 1438 quoquc
1452 1364 1565 1424 formam
1575 1369 1725 1438 peccatoris
1735 1382 1780 1423 ac·

148 1483 183 1550 isi
197 1471 398 1550 pronuntianda
406 1468 523 1540 judicio:
537 1481 597 1521 cum
608 1463 794 1520 benedictione
803 1459 940 1525 divina,ct
990 1462 1072 1531 cepit.
1090 1459 1143 1516 Sed
1156 1457 1265 1515 iudeus
1278 1473 1367 1530 neque
1384 1465 1467 1530 caput
1478 1472 1565 1528 neque
1579 1457 1780 1513 laudamentum

151 1567 185 1638 (ii
196 1560 404 1621 attributioaett
413 1555 521 1628 regifica
536 1557 573 1627 (ci
586 1551 768 1610 remunerabit
781 1548 940 1620 spiritalium
991 1550 1130 1606 habiturus
1146 1550 1173 1604 io
1187 1547 1315 1617 Christo,
1330 1563 1381 1605 nec
1392 1556 1475 1620 caput
1485 1546 1599 1613 Christi,
1619 1563 1670 1604 nec
1688 1548 1779 1618 pedes,

148 1654 240 1713 merita
253 1651 395 1713 uirtutum,
407 1647 459 1702 hoc
472 1653 514 1700 cst
528 1642 721 1714 pulcherrimas
729 1640 772 1695 sui
784 1636 879 1708 capitis
893 1650 939 1690 co·
991 1647 1126 1704 unxerat;
1147 1639 1219 1710 quod
1241 1646 1385 1709 utrumque
1405 1639 1531 1709 pretiosis
1548 1638 1690 1706 cogitantis
1705 1636 1783 1708 ligi)

148 1760 203 1802 uias
222 1740 353 1812 qualibus
365 1744 394 1793 et
414 1735 459 1791 illa
473 1735 501 1790 in
521 1731 648 1788 Ecclesia
660 1738 724 1802 typo
738 1728 845 1793 mulier,
863 1726 941 1796 139
957 1752 978 1811 B
991 1730 1248 1799 miilierevangelica
1258 1729 1415 1798 irrigaverat
1426 1730 1458 1782 ¹¹.
1471 1727 1616 1797 Propterea
1623 1727 1781 1799 Synagogm,

148 1833 245 1890 Christi
263 1829 378 1899 “iiiiiii
392 1833 528 1896 millium
548 1831 576 1879 ⁸1
590 1820 717 1892 ¹²⁰lll¹¹i⁵
731 1820 822 1889 ‘58³¹ss
842 1818 939 1874 ῑθῐὲἱῑῑ
992 1837 1080 1891 neque
1093 1822 1183 1877 oleum
1201 1821 1311 1889 gratiae,
1326 1834 1414 1888 neque
1428 1832 1497 1888 aqna
1511 1818 1665 1874 miseconis
1677 1831 1692 1871 a
1706 1815 1783 1872 Chri·

149 1939 205 1995 qvia
218 1937 275 1978 non
290 1916 605 1988 tamprctiomuncrum,
616 1924 697 1981 quam
710 1907 831 1977 obsequii
844 1905 944 1977 placuit
992 1919 1035 1967 sto
1049 1918 1106 1976 est;
1135 1910 1211 1979 mrim
1234 1918 1327 1982 typum
1354 1909 1392 1963 illi
1414 1907 1549 1963 Pharisico
1575 1908 1689 1975 gerenti,
1712 1907 1783 1963 circa

150 2008 325 2070 alectulion
338 2008 410 2063 eadm
424 2011 587 2074 unguentum
596 1999 823 2065 inillallumiuus
836 1996 886 2053 sed
897 2011 943 2051 ca·
992 2002 1080 2071 ipsum
1101 2008 1129 2057 et
1148 1999 1201 2056 olei
1214 2006 1243 2054 et
1256 2013 1332 2068 aquae
1352 1997 1478 2052 salutaris
1501 1996 1614 2060 iocum,
1633 2002 1662 2050 ει
1674 2009 1742 2063 aqua
1755 2002 1784 2049 ct

151 2106 257 2162 ritatem
281 2101 388 2168 ditexit,
405 2113 458 2169 qua
472 2096 605 2168 pudenter
625 2093 776 2164 impudens,
795 2101 824 2148 ει
835 2093 881 2163 pic
891 2093 942 2147 im·
993 2092 1082 2147 oleum
1096 2089 1216 2145 caritatis
1230 2087 1346 2144 exaruit.
1361 2086 1400 2141 lle
1413 2086 1466 2141 boc
1479 2084 1552 2141 lonte
1561 2083 1723 2155 predixerat
1735 2097 1784 2153 per

151 2194 232 2267 proha
242 2193 304 2249 sine
318 2187 457 2261 opprobrii
466 2196 495 2243 ct
504 2186 618 2257 repulsae
630 2192 717 2249 metu,
727 2193 883 2240 extraneam
894 2181 944 2239 sibi
993 2181 1153 2252 prophetam
1170 2196 1176 2231 z
1190 2178 1282 2233 Oleum
1305 2176 1448 2246 peccatoris
1470 2191 1523 2230 aon
1545 2174 1686 2244 impinguet
1708 2179 1785 2239 cupiit

152 2283 259 2339 doraum
272 2278 411 2344 Pharisaei,
426 2293 480 2333 uon
491 2276 615 2344 invitata,
628 2275 672 2330 illa
682 2275 710 2331 vi
722 2274 847 2345 petulans
860 2289 944 2343 peue-
994 2289 1079 2328 mcum
1091 2273 1098 2311 ¹
1110 2288 1118 2336 ;
1133 2269 1204 2327 sicut
1217 2267 1250 2323 ad
1264 2265 1409 2322 Ecclesiam
1421 2279 1498 2319 suam
1509 2263 1601 2319 dicare
1610 2261 1698 2332 potuit
1711 2278 1719 2314 :
1731 2259 1786 2314 lm·

153 2375 241 2439 travit,
267 2385 322 2441 qna
344 2368 447 2439 rapitur
461 2380 574 2435 reguum
593 2364 722 2420 caelorum
739 2372 750 2401 ι
769 2380 775 2416 :
791 2369 820 2418 ct
840 2371 945 2417 tantum
995 2361 1125 2435 minutati
1139 2361 1167 2415 iii
1181 2359 1325 2428 oleacoput
1340 2358 1440 2409 meum
1459 2367 1542 2421 :quae
1555 2366 1609 2406 non
1620 2349 1707 2405 sulum
1721 2363 1786 2404 con-

153 2465 227 2522 verhi
240 2459 360 2519 ooelestis
373 2458 511 2526 esuriens,
526 2470 580 2510 nou
594 2452 629 2509 ad
644 2453 683 2521 id)
697 2452 780 2522 dapes
794 2452 879 2518 iliius,
899 2451 946 2505 sed
977 2480 980 2485 ·
994 2452 1122 2515 lectione,
1138 2447 1276 2505 sedetiam
1286 2459 1350 2500 vass
1362 2444 1509 2515 pretiosum
1520 2441 1654 2498 detulerat
1668 2453 1787 2508 unguen

153 2555 185 2612 st
197 2553 283 2625 pedes
295 2548 396 2607 Christi
410 2546 537 2611 cucurrit,
549 2556 632 2616 seque
645 2544 672 2598 in
687 2542 739 2598 illis
761 2542 855 2609 abluit,
870 2549 898 2597 et
908 2542 947 2597 ci·
995 2551 1064 2607 tum,
1078 2539 1151 2611 quod
1169 2538 1315 2594 multorum
1328 2535 1479 2605 graminum
1489 2532 1513 2566 '¹
1527 2532 1585 2588 sive
1597 2530 1693 2585 lloruin
1703 2529 1786 2583 miras

154 2642 226 2700 havit
240 2660 248 2695 ι
263 2648 347 2709 atque
359 2638 433 2709 ipsos
446 2634 497 2691 sihi
510 2633 593 2704 pedes
602 2633 760 2694 sacrarium,
776 2640 805 2687 ut
824 2631 861 2686 ita
872 2631 948 2687 dirc-
997 2633 1121 2687 inunum
1137 2628 1223 2697 gratia
1238 2634 1267 2683 ct
1279 2626 1380 2681 virtute
1397 2624 1542 2693 fragrabat.
1558 2622 1625 2690 Qum
1635 2619 1724 2690 potuit
1737 2616 1787 2673 nisi

155 2731 216 2796 rim,
231 2737 260 2786 et
273 2729 360 2783 altare
375 2723 524 2782 constituit.
537 2721 566 2777 lii
579 2722 677 2792 quibus
690 2720 782 2776 libavit
795 2718 870 2784 fletu,
885 2720 947 2776 lita·
997 2722 1118 2780 Ecclesia
1128 2720 1181 2775 tale
1191 2717 1342 2775 conticeret
1357 2730 1416 2785 quie
1425 2715 1460 2770 de
1473 2713 1556 2770 variis
1572 2709 1720 2767 noelcstium
1731 2721 1788 2776 gra-

156 2818 192 2873 ’Ῑῑ
205 2825 356 2889 willelm,
376 2810 539 2870 sacnhcavit
558 2809 665 2867 allecto.
689 2810 855 2880 Sacrificium
876 2810 949 2866 enini
998 2812 1098 2868 harum
1112 2808 1223 2866 iloribus
1235 2814 1263 2861 et
1274 2805 1363 2861 succis
1376 2803 1470 2865 odora,
1484 2798 1656 2856 multimodas
1670 2797 1788 2853 suavita·

155 2906 210 2967 Deo
225 2908 332 2977 spiritm
341 2902 529 2960 conmutatio
547 2899 555 2940 ί
572 2914 652 2969 quem
662 2899 709 2955 illa
725 2898 868 2954 immolans
882 2898 948 2965 lieo,
999 2910 1040 2958 tes
1049 2917 1084 2957 ex
1097 2897 1210 2955 diversis
1221 2894 1345 2964 gentibus
1357 2894 1414 2949 beo
1427 2892 1521 2962 spirat,
1532 2890 1722 2958 orationesque
1731 2901 1789 2942 san

156 3014 211 3055 ΜΒ
229 2996 318 3053 tolum
333 2992 519 3050 remissionem
541 2989 721 3054 deliciolum,
737 2986 784 3043 sed
798 2987 949 3057 elilorhm
998 3001 1114 3056 ctorum,
1132 2987 1206 3044 velut
1219 2991 1339 3041 aromata
1354 2982 1455 3053 pateris
1475 2981 1584 3036 incensa
1598 2975 1788 3045 flagrantibus,
1852 3020 1855 3029 .

156 3088 318 3164 peamau
333 3083 551 3153 nuncianum
565 3081 681 3139 nominis
695 3079 827 3135 meruti.
962 3081 1096 3166 espirim
1110 3062 1787 3134 servassemus‹seironmnmsmnn2

190 3178 236 3236 52
256 3177 292 3234 Et
304 3177 369 3249 quia
381 3173 509 3232 vocandae
522 3187 557 3229 ex
571 3172 695 3242 gentibus
716 3169 842 3226 Ecclesia
856 3168 950 3238 imagi-

157 3283 219 3324 neiu
230 3265 401 3339 preteream,
417 3262 507 3319 omnia
520 3263 548 3317 in
561 3262 705 3333 semetipsa
716 3260 838 3332 mysterii
851 3260 951 3315 saluta·

158 3361 194 3415 ris
207 3360 324 3427 insignia
338 3356 430 3425 gessit.
447 3353 532 3411 lincta
542 3362 584 3410 est
594 3353 741 3410 chrismate
754 3353 796 3408 sni
809 3352 949 3418 muneris;

158 3449 325 3522 paenitentiae
338 3444 572 3518 lacrymashnhiiit
587 3444 613 3499 in
624 3443 771 3507 lavacrum,
786 3441 889 3496 viscera
903 3456 951 3496 cs·

159 3539 247 3594 sitatis
266 3538 295 3592 in
309 3535 469 3595 sacriilcium
488 3552 496 3588 a
511 3542 539 3591 et
551 3533 637 3604 ipsum
651 3533 741 3589 vivum
756 3528 952 3586 vivificantem-

159 3641 211 3697 quc
230 3641 332 3698 paucm
355 3624 479 3679 munibus
491 3632 519 3679 et
533 3638 582 3680 ore
595 3621 747 3693 praesumsit
760 3621 770 3691 (
784 3621 813 3676 td
831 3630 870 3676 est
890 3629 954 3677 ante

160 3720 265 3784 sumsit,
280 3725 305 3772 et
324 3718 363 3772 sic
382 3717 454 3789 inira
467 3715 615 3786 praelibavit
625 3714 651 3785 );
672 3713 831 3782 sanguinem
845 3727 953 3783 quoque

160 3809 261 3872 ulicis,
277 3819 421 3877 antequam
443 3804 519 3861 lieret
534 3805 605 3861 calix
623 3804 772 3873 sanguinis,
787 3803 887 3859 osculis
906 3818 953 3858 su-

160 3899 284 3969 gentibus
294 3896 452 3969 praelibavit.
464 3895 546 3951 Beata
558 3910 617 3965 que
627 3894 762 3951 Christum
776 3894 804 3949 iu
814 3908 896 3950 carue
905 3908 954 3964 gu-

160 3989 251 4053 stavit,
267 3994 297 4043 et
314 3986 341 4041 iii
360 3986 419 4057 ipsu
439 4001 556 4057 corpore
577 3982 677 4040 Christi
701 3999 800 4055 corpus
824 3984 952 4055 accepit:

160 4078 259 4133 merito
276 4076 385 4148 praelata
408 4074 554 4140 Pharisaeo,
568 4075 689 4149 pascenti
710 4075 775 4129 licet
797 4073 952 4139 Christum;

53 4228 60 4237 ,
160 4183 221 4239 qum
231 4167 327 4224 ludeo
338 4168 465 4238 epulante
473 4165 576 4236 ieiuna,
586 4182 641 4222 iion
651 4165 717 4234 cibi,
731 4173 760 4220 ut
773 4164 840 4229 diii,
851 4163 898 4219 scd
912 4179 956 4218 sa-

1000 3178 1032 3226 ut
1044 3169 1070 3226 ei
1083 3166 1176 3223 talium
1190 3160 1285 3218 tiorum
1307 3159 1444 3222 odoribus,
1460 3172 1508 3212 seii
1523 3155 1658 3225 liquorum
1672 3150 1788 3212 roribus,

1001 3257 1121 3315 affluenti
1134 3254 1254 3325 Sponsus
1267 3251 1325 3322 ipse
1337 3254 1460 3318 gratetur
1473 3246 1517 3302 illa
1528 3260 1580 3315 qna
1591 3251 1622 3300 et
1631 3243 1659 3297 in
1673 3240 1791 3299 canticis

1001 3347 1172 3404 Cantiooruui
1193 3356 1260 3398 voce
1273 3339 1408 3397 blanditur
1424 3355 1430 3389 ε
1451 3335 1593 3400 Columbo,
1607 3332 1708 3402 inquit,
1722 3347 1791 3398 msa,

1001 3425 1120 3511 perfecta
1134 3453 1201 3502 meo,
1213 3435 1334 3507 qaoainst
1343 3439 1512 3504 caputmetm
1523 3429 1648 3500 repletum
1657 3422 1790 3481 clinici:

1002 3536 1085 3600 caput
1098 3526 1196 3583 Christi
1207 3526 1294 3591 licus,
1308 3530 1337 3578 et
1349 3522 1439 3578 omnes
1453 3518 1513 3589 ejus
1528 3518 1551 3551 '⁸
1565 3516 1662 3573 electio
1677 3515 1793 3569 Sancto·

1002 3633 1075 3686 runi,
1088 3616 1187 3686 quibus
1211 3611 1291 3668 Pater
1307 3609 1407 3681 gaudet
1425 3609 1453 3662 in
1467 3605 1587 3670 Christo,
1599 3615 1625 3659 ει
1641 3604 1725 3657 cuasa
1744 3603 1793 3655 mei

1003 3706 1082 3777 patris
1097 3704 1188 3759 noctis
1205 3700 1270 3766 lios,
1287 3707 1316 3754 ut
1335 3698 1446 3762 scimus,
1459 3709 1514 3750 uon
1526 3702 1569 3749 est
1581 3692 1674 3748 imbris
1685 3689 1793 3757 humor,

1003 3792 1053 3849 sed
1065 3790 1195 3861 refrigerii
1208 3830 1216 3857 ‚
1230 3802 1284 3857 quo
1298 3784 1454 3842 reficiuntur
1470 3781 1545 3838 arida
1559 3783 1594 3837 ab
1611 3788 1678 3836 metu
1697 3778 1794 3833 diurno

1003 3880 1134 3951 gramina.
1148 3877 1232 3948 Hujus
1244 3875 1314 3933 roris
1333 3872 1429 3929 lucidis
1448 3870 1529 3940 guttis
1547 3885 1603 3925 non
1627 3865 1679 3923 nisi
1698 3880 1795 3921 serem

1004 3983 1084 4031 nocte
1102 3972 1236 4043 spargitur
1247 3970 1305 4043 (pro
1319 3962 1480 4037 aspergitur)
1497 3970 1577 4017 terra
1594 3959 1670 4015 llndc
1685 3954 1796 4023 intelligi

1004 4065 1092 4133 datur,
1108 4078 1156 4121 eas
1169 4061 1257 4118 noctis
1268 4065 1367 4127 guttas.
1382 4052 1479 4124 quibus
1492 4060 1574 4121 caput
1587 4058 1616 4106 et
1632 4048 1720 4104 omnes
1733 4058 1797 4100 suos

1005 4154 1138 4226 sapientia
1150 4149 1284 4208 maduisse
1298 4147 1421 4208 lactatur,
1433 4140 1546 4197 lormain
1559 4152 1620 4195 csse
1632 4143 1796 4195 sanctorum,

160 4256 225 4313 lutis
238 4256 317 4312 arida
340 4256 377 4327 (ei
393 4255 538 4312 seruiebat.
554 4253 648 4319 beata,
663 4268 723 4324 quar
740 4253 842 4308 meruit
855 4252 882 4306 in
905 4250 956 4306 Ec-
1005 4260 1087 4316 quam
1098 4251 1128 4300 ct
1139 4225 1165 4298 i'n
1176 4233 1412 4308 stellishpostolus
1425 4244 1569 4288 coruscare
1577 4227 1698 4294 designat
1710 4221 1798 4291 ¹,quae

161 4344 251 4401 elusim
266 4354 359 4417 typum
372 4345 424 4399 bac
436 4358 544 4413 quoquc
564 4343 655 4414 specie
682 4341 789 4411 tigurari
813 4346 821 4409 i
836 4339 953 4395 Amisos.
1008 4351 1085 4407 aeipuc
1099 4333 1200 4390 screnis
1216 4329 1340 4386 noctibus
1356 4324 1473 4385 uiicaut,
1488 4320 1676 4392 quihusrorcs
1689 4314 1798 4372 cadunt.

161 4433 256 4497 tihn,
270 4434 298 4487 iii
312 4431 375 4487 bas.
393 4449 427 4489 vii
440 4434 460 4500 i,
475 4440 505 4488 ut
518 4433 545 4488 in
560 4432 640 4488 domo
650 4438 678 4487 et
691 4430 817 4487 convivio
829 4428 956 4485 Pharisaei
1012 4428 1077 4497 Qum
1089 4435 1179 4482 antem
1190 4438 1243 4479 nox
1258 4420 1395 4476 intellectu
1406 4413 1521 4488 spiritali
1532 4409 1659 4485 putanda,
1675 4407 1725 4464 nisi
1739 4420 1800 4476 pas·

162 4538 218 4577 ison
233 4524 292 4593 ipse
306 4521 465 4586 Pharisaeus,
481 4520 530 4577 sed
540 4520 676 4592 peccatrix
691 4519 725 4575 ad
738 4518 845 4574 veniam
857 4513 957 4587 justiti·
1010 4518 1051 4573 gin
1067 4514 1185 4577 Domini,
1200 4526 1261 4582 (μω)
1275 4518 1303 4565 ni
1321 4508 1380 4563 iiis
1394 4502 1552 4561 illuminavit
1565 4502 1606 4555 op
1624 4498 1658 4555 (in
1669 4510 1722 4568 qua
1735 4503 1800 4566 puin

161 4624 282 4671 caretur.
298 4614 362 4670 Plus
374 4613 454 4685 hujus
475 4614 664 4685 importunitas
677 4610 862 4682 consequitur,
876 4623 957 4681 quam
1009 4604 1157 4674 scriptum:
1174 4599 1209 4654 Et
1231 4615 1284 4653 stes
1295 4594 1448 4652 itiuniiuutio
1459 4606 1516 4646 meo
1529 4590 1557 4643 ht
1579 4586 1677 4642 deliciis
1691 4584 1755 4638 mni
1767 4592 1797 4635 ¹¹¹.

198 4739 1078 4814 ¹batth.mv,2t;tlarc.1v,58;huc.nu‚233Psst.nv‚lt.
1115 4734 1344 4795 teulerias.
1384 4725 1638 4790 ‘unianimis
1675 4720 1799 4777 illattli.

162 4819 462 4888 r,30;tnc.rn,t.
503 4817 733 4880 ructaminis.
774 4814 915 4881 ipsuis,
941 4813 981 4867 tc.
1022 4808 1152 4862 allatii.
1175 4822 1254 4867 xxvi,
1282 4803 1329 4865 ts;
1355 4802 1436 4857 Marc.
1461 4789 1801 4862 xiv.il;loban.xri.3.

163 4888 377 5017 :fflaemihbll
416 4887 622 4954 iuratust.
661 4885 882 4950 iussimus.
920 4881 1030 4937 leant.
1044 4896 1073 4942 ll,
1086 4877 1129 4942 lt),
1144 4885 1172 4931 et
1186 4893 1213 4943 v,
1226 4874 1315 4940 Esco.
1329 4871 1407 4926 Lxx.
1449 4863 1660 4939 'Phiiipnth
1698 4861 1800 4917 ΙΙῬεεί.

276 4978 297 5028 i,
348 5000 356 5015 .

200 5076 246 5141 (ni
264 5075 314 5131 lis.
330 5075 418 5131 codex
429 5073 599 5134 Viennensis,
613 5069 823 5144 prenuirdondc.

200 5148 242 5217 (hi
262 5145 311 5200 lis.
326 5145 426 5208 vatic,
441 5145 614 5199 retributione.

1034 5064 1084 5126 uri,
1100 5077 1177 5133 quum
1190 5061 1257 5113 hitcr
1272 5057 1351 5127 dapes
1364 5064 1421 5108 titus
1433 5061 1512 5107 tecum
1524 5052 1600 5122 juata
1611 5047 1739 5103 Christum
1749 5046 1804 5100 sinc

937 5170 943 5185 .
1016 5081 1118 5188 ghristus
1131 5126 1304 5190 oiimmlem
1320 5134 1347 5182 et
1361 5140 1388 5178 ri.
1403 5123 1446 5177 itt.

202 5225 242 5283 (ci
262 5214 310 5271 lis.
321 5214 423 5282 vatic,
438 5214 652 5269 reuciosrohitm.
676 5211 722 5265 Sic
749 5208 813 5263 alibi
836 5206 963 5259 Paulinus
1052 5202 1088 5268 te)
1107 5200 1156 5255 lis.
1172 5198 1260 5252 latio.
1276 5190 1460 5256 mediisin,
1476 5188 1615 5245 esteriehat.
1633 5183 1752 5252 Utraque
1765 5182 1805 5236 le·

165 5286 220 5343 hoc
235 5287 320 5341 verbo
334 5287 419 5340 utitur
431 5286 528 5340 active.
545 5282 612 5338 Vide
634 5281 714 5352 epist.
730 5278 765 5333 hh
779 5279 814 5333 ail
828 5277 964 5332 Sebastia—
1015 5271 1070 5328 ctio
1081 5271 1161 5325 bona.
1175 5266 1318 5322 Verissima
1329 5264 1373 5319 illa
1385 5278 1464 5330 quani
1475 5260 1632 5323 retinemus,
1642 5268 1736 5321 ncrupc
1746 5266 1805 5319 quic

166 5372 248 5420 num,
261 5370 335 5410 num.
350 5354 379 5408 2.
1016 5339 1189 5396 conlimatur
1202 5353 1229 5391 o.
1243 5335 1278 5388 to
1294 5353 1301 5389 ε
1317 5334 1433 5388 Tanaim
1446 5329 1593 5401 epulabaris
1606 5334 1634 5380 iit
1650 5319 1804 5394 superlitas,

204 5428 246 5495 td)
268 5426 337 5479 hnic
351 5432 410 5479 erat
420 5440 491 5494 opes.
505 5421 572 5478 Cum
587 5420 719 5487 Saecbino
733 5418 908 5474 emendamus
919 5414 966 5468 iia·
1014 5411 1061 5465 itia
1072 5407 1209 5534 ti‘unohot
1223 5415 1250 5459 ut
1260 5405 1375 5486 renidet.
1400 5472 1405 5483 .
1573 5466 1579 5479 .
1656 5462 1662 5475 Ι

168 5512 225 5565 gea.
241 5503 314 5575 certa
329 5494 437 5578 quidem
458 5491 612 5576 conjectura
628 5491 721 5572 petita,
738 5499 793 5572 tuin
811 5502 844 5541 cx
864 5485 958 5539 subsc·
1048 5483 1074 5603 ff
1075 5488 1083 5544 i
1109 5486 1172 5562 osta
1182 5490 1233 5531 ms.
1246 5472 1455 5557 codiccmlien..
1464 5478 1646 5551 expunximus
1655 5462 1699 5543 illa
1711 5457 1805 5557 mm?

169 5564 324 5635 presidiiis,
339 5572 397 5618 tum
412 5564 521 5618 inieritis
535 5579 564 5616 n.
580 5560 624 5627 ti,
645 5561 687 5615 uhi
704 5559 827 5611 Pontinus
842 5557 875 5609 aii
891 5554 960 5607 Pha·
1011 5568 1045 5609 uo
1066 5550 1131 5604 eles
1141 5563 1207 5617 ipsu,
1219 5559 1278 5614 qum
1288 5560 1315 5603 in
1328 5544 1387 5602 ahts
1397 5538 1534 5597 codicibus
1547 5536 1661 5592 librariis
1675 5527 1805 5585 inculcata

170 5637 280 5690 munt
294 5650 301 5687 :
317 5633 390 5690 licio
399 5634 467 5690 iutsr
480 5632 584 5702 capillos
598 5631 668 5686 iilius
683 5628 778 5683 Cluati
789 5624 894 5696 pisilibus
906 5624 961 5678 illi·
1013 5614 1097 5677 icisse
1108 5617 1242 5675 mesni.
