4034 6184
518 355 621 412 987
1564 357 1626 419 S.
1655 355 1955 417 omnivm
1991 355 2297 415 episcop}
2334 356 2724 415 AuscmNsls
3677 354 3778 415 988

728 470 957 545 Semper
982 468 1151 530 ovans
1175 482 1378 531 castam
1398 471 1688 528 sollicitare
1713 470 1872 528 fidem
1898 489 1912 525 :
2121 474 2176 534 Α
2410 471 2493 528 Ad
2518 473 2643 527 vitae
2672 476 2853 527 rectas
2876 470 3163 528 sollicitata
3192 472 3306 530 vias
3326 488 3344 525 ε

658 564 858 637 Accipe
885 566 991 620 tela
1016 565 1211 635 quibus
1236 563 1413 620 cordis
1440 563 1527 634 pia
1548 564 1746 620 moenia
1780 576 1986 619 serves.
2067 589 2073 597 -
2200 560 2305 617 445
2339 563 2399 620 Si
2416 577 2522 634 qua
2548 562 2650 618 viri
2674 560 2919 630 discunt,
2945 561 3131 618 credat
3153 561 3255 617 sibi
3283 560 3483 617 femina
3502 560 3633 628 dici,

520 654 624 712 400
733 654 876 712 Crux
901 656 998 712 tibi
1024 656 1095 710 sit
1117 655 1355 725 clypeus,
1387 668 1519 709 crux
1545 653 1641 709 tibi
1667 653 1740 708 sit
1769 652 1995 722 gladius.
2410 656 2480 714 Et
2528 656 2779 714 meritum
2823 666 2883 714 et
2930 672 3119 728 poenas
3139 699 3157 727 ,
3209 658 3299 714 hic
3350 672 3568 730 quoque
3617 671 3778 712 sexus

659 742 1000 818 Supplicibus
1025 744 1274 817 lacrymis
1296 784 1313 813 ,
1351 744 1554 814 gemitu
1573 785 1590 812 ,
1637 758 1798 814 prece
1820 781 1837 808 ,
1877 749 2099 814 pectore
3476 746 3704 821 [habet.

1819 834 2023 908 [tunso.
2341 834 2529 892 Oderit
2555 837 2769 907 ignotos
2791 837 2970 895 audax
2996 838 3273 894 attendere
3293 839 3493 904 vultus,

733 930 924 997 Quaere
948 927 1280 984 salutiferum
1310 935 1469 984 nocte
1492 927 1684 998 dieque
1705 927 1896 982 Deum.
2416 928 2595 999 Seque
2624 937 2803 986 tamen
2829 922 2972 985 no'tis
2999 929 3195 985 addere
3220 929 3529 986 luminibus.

662 1019 742 1099 Ac
766 1035 835 1075 ne
862 1019 1121 1090 paulatim
1151 1018 1363 1074 facilem
1391 1033 1517 1089 spes
1543 1018 1726 1089 palpet
1753 1030 1991 1073 amorem
2007 1054 2025 1081 ,
2341 1018 2473 1074 Nam
2501 1020 2641 1076 male
2667 1019 2932 1092 permixto
2959 1019 3192 1075 ludentia
3212 1019 3412 1075 lumina
3435 1019 3589 1089 visu,

736 1109 970 1182 Lapsum
1010 1126 1041 1167 a
1069 1111 1328 1181 praecipiti
1357 1124 1522 1181 perge
1548 1108 1751 1165 referre
1777 1108 1990 1178 pedem.
2200 1109 2305 1165 450
2410 1109 2611 1166 Blande
2628 1125 2774 1182 saepe
2793 1110 2972 1166 solent
2994 1125 3090 1165 ore
3107 1117 3321 1167 tacente
3348 1111 3515 1182 loqui.

526 1201 627 1258 405
660 1201 778 1259 Non
806 1203 1022 1272 ignarus
1048 1202 1191 1258 enim
1215 1201 1426 1257 miseris
1453 1215 1767 1257 succurrere
1793 1214 2000 1272 quaero,
2344 1202 2518 1273 Atque
2563 1215 2719 1258 amor
2742 1243 2760 1272 ,
2813 1209 2874 1258 ut
2917 1201 3168 1274 lacrymae
3213 1216 3347 1273 quas
3389 1201 3543 1257 fundi
3587 1203 3772 1274 iniuria

737 1293 930 1351 Omnia
953 1310 1258 1366 perpessus,
1284 1307 1406 1364 quae
1431 1292 1682 1365 fugienda
1704 1292 1921 1362 loquor.
3480 1295 3666 1368 [cogit
3685 1336 3704 1363 ,

664 1387 909 1458 Respicis
934 1386 1003 1443 ad
1028 1386 1302 1442 formam?
1337 1384 1444 1442 Sed
1464 1399 1634 1442 saevas
1657 1384 1863 1455 respice
1886 1396 2099 1454 poenas;
2415 1382 2497 1439 Ex
2524 1384 2696 1441 oculis
2722 1384 2910 1454 surgit,
2941 1383 3177 1456 pectoris
3204 1385 3311 1440 ima
3338 1385 3492 1457 petit.

735 1476 967 1549 Respice
990 1476 1119 1547 quid
1139 1474 1347 1544 laudes,
1375 1474 1585 1546 respice
1606 1474 1735 1545 quid
1758 1475 1989 1530 timeas:
2345 1473 2489 1545 Ergo
2513 1489 2579 1531 ea
2601 1490 2708 1546 qua
2730 1474 2957 1545 juvenes
2978 1477 3234 1547 praecepti
3252 1477 3374 1546 lege
3393 1487 3706 1545 monentur,

664 1565 1005 1640 internisque
1030 1567 1200 1624 oculis
1217 1575 1276 1624 et
1296 1582 1432 1624 vero
1460 1566 1664 1620 lumine
1696 1580 1853 1620 cerne
1869 1608 1885 1632 ,
2415 1565 2530 1622 flac
2554 1563 2725 1635 fugiat
2746 1574 2971 1623 cunctos
3004 1565 3204 1622 femina
3230 1575 3377 1623 casta
3403 1568 3571 1625 viros.

529 1660 631 1716 no
683 1695 688 1700 ·
734 1659 812 1717 De
855 1667 1004 1718 tem
1047 1660 1116 1717 ad
1142 1659 1337 1718 eoelum
1357 1699 1377 1730 ,
1423 1660 1596 1728 ‹lc-qul:
1640 1660 1857 1712 humina}
1901 1656 1965 1711 :ni
1995 1656 2104 1712 [10-
2204 1653 2311 1711 455
2341 1653 2462 1712 «lam
2487 1656 2535 1713 si
2561 1669 2883 1727 corporea,
2908 1655 3134 1714 micatis
3158 1671 3390 1729 corpore
3414 1665 3565 1714 casto

1777 1748 1997 1820 [minum
2013 1791 2029 1812 .,,
2412 1748 2715 1817 illecebras,
2742 1748 3007 1818 reliquum
3032 1748 3226 1806 decute
3250 1749 3431 1807 cordis
3452 1764 3611 1806 onus.

665 1839 764 1898 llic
788 1841 967 1897 brevis
989 1847 1074 1896 est
1091 1838 1198 1896 fine
1217 1838 1415 1909 exiguo
1441 1840 1740 1892 claudenda
1773 1840 2021 1908 wluptus
2047 1856 2057 1888 :
2131 1847 2179 1907 Β
2786 1859 2876 1915 DE
2911 1855 3186 1916 munu-

737 1930 853 1990 mic
879 1939 1141 2002 perpetuo
1162 1927 1367 1986 sulfure
1393 1927 1608 1983 namma
1644 1944 1829 1980 rurus..

667 2021 804 2078 Audi
828 2021 1156 2078 clamantem
1182 2034 1375 2091 magna
1414 2036 1532 2076 cum
1568 2036 1696 2076 ’.0ιὲ0
1724 2020 2021 2088 1000001130
2049 2040 2061 2084 j

736 2112 844 2169 Seu
871 2112 1124 2169 mandata
1155 2113 1302 2182 legas
1327 2111 1572 2183 pristina,
1608 2112 1720 2164 sire
1748 2128 1885 2164 0010
1911 2128 1917 2164 ;

532 2203 636 2259 115
668 2203 798 2273 Qua:
823 2205 942 2262 laus
970 2206 1025 2263 in
1051 2205 1202 2261 vultu
1243 2213 1365 2273 est;
1412 2202 1594 2261 fenum
1641 2218 1858 2259 omnem
1900 2201 2104 2258 credite

2346 1973 2587 2045 Namque
2613 1972 2794 2031 subire
2819 1972 2961 2030 solet
2985 1972 3121 2042 nigri
3149 1971 3217 2028 de
3241 1971 3367 2028 felle
3387 1973 3601 2041 veneni,

2416 2062 2721 2135 Multiplicis
2745 2072 2919 2119 mater
2943 2063 3180 2119 criminis
3206 2062 3424 2119 invidia.

2347 2143 2547 2212 invidia
2574 2155 2757 2212 infelix
2783 2164 3013 2212 mortem
3042 2155 3300 2211 moritura
3330 2158 3574 2226 paravit:

2424 2247 2658 2316 Angelus
2685 2247 2789 2302 hac
2815 2246 2948 2303 celsi
2968 2245 3168 2303 decidit
3193 2263 3319 2304 arce
3346 2248 3457 2319 poli
3480 2266 3499 2317 3

739 2387 950 2459 Quippe
973 2392 1035 2443 m
1057 2385 1158 2443 flos
1178 2385 1290 2443 seni
1316 2386 1489 2459 gloria
1517 2387 1699 2445 camis
1726 2295 2030 2443 effemem’
2204 2339 2311 2397 460
2344 2338 2590 2410 Dumque
2629 2339 2906 2396 bominem
2930 2348 3186 2411 properat
3229 2339 3433 2396 coelesti
3459 2339 3663 2411 pellere
3689 2355 3772 2397 re-

666 2477 799 2535 Nam
824 2478 990 2534 veluti
1011 2477 1176 2535 flores
1203 2479 1341 2535 ictus
1368 2479 1543 2545 metit,
1574 2478 1756 2534 atterit
1779 2485 1960 2544 aestus,
3521 2431 3671 2506 [3¹¹⁰
3691 2471 3710 2500 ν

2417 2524 2639 2582 Detrudi
2662 2524 2716 2581 in
2738 2523 2987 2580 tenebras
3010 2523 3125 2596 ipse
3148 2524 3297 2595 prior
3321 2522 3538 2578 meruit.

2350 2618 2485 2675 Hinc
2511 2618 2725 2675 Domini
2750 2619 2807 2672 in
2833 2625 3057 2676 cunctos
3082 2616 3275 2672 vindex
3306 2615 3571 2672 sententia
3602 2613 3748 2670 venit

2417 2709 2676 2766 Omnibus
2701 2708 2816 2764 haec
2838 2706 3061 2777 reliquis
3087 2706 3352 2763 mortibus
3378 2720 3484 2761 una
3506 2720 3600 2760 rea
3628 2712 3748 2760 est:

2350 2802 2476 2860 Haec
2502 2802 2629 2858 belli
2658 2801 2852 2869 rabies,
2881 2800 2998 2857 haec
3022 2807 3110 2856 est
3134 2797 3399 2856 discordia
3427 2796 3575 2870 pacis
3594 2834 3611 2861 ,

2208 2894 2317 2952 465
2421 2894 2550 2950 Plus
2588 2893 2734 2963 sibi,
2781 2908 2944 2964 quam
2986 2891 3075 2949 cui
3100 2891 3216 2948 vult
3241 2904 3384 2947 saeva
3411 2903 3611 2947 nocere
3633 2929 3652 2956 ,
3688 2902 3783 2943 no-

3504 2980 3676 3055 [⁰⁶³⁰s
3697 3020 3716 3047 υ

2355 3077 2482 3135 11ωο
2499 3076 2701 3148 loseph
2726 3076 2893 3132 nimio
2920 3075 3145 3132 fratrum
3169 3075 3271 3132 sub
3298 3075 3524 3132 crimine
3546 3087 3709 3130 causa

2426 3170 2668 3227 Primum
2685 3168 2911 3237 servitii,
2938 3184 3066 3225 mox
3087 3166 3191 3224 fuit
3211 3166 3440 3239 imperii.

2359 3263 2486 3320 Haec
2506 3262 2637 3332 iusti
2659 3260 2839 3317 fratris
2863 3259 3154 3316 maculavit
3174 3258 3434 3328 sanguine
3458 3255 3614 3312 Cain.

2430 3355 2556 3411 Haec
2583 3353 2749 3409 David
2775 3353 2969 3408 mortis
2995 3367 3160 3423 quam
3188 3364 3358 3422 prope
3382 3364 3546 3406 causa
3569 3346 3687 3413 fuit,

2214 3446 2321 3504 4Ἰο
2354 3446 2509 3513 Cum,
2534 3445 2647 3515 jam
2674 3441 2920 3500 confecto
2943 3441 3111 3499 solius
3139 3441 3338 3500 robore
3363 3439 3537 3508 bello,

2435 3535 2633 3592 Extolli
2662 3533 2831 3591 nollet
2853 3532 3011 3589 laude
3037 3548 3195 3590 socer
3217 3546 3496 3603 generum.

2360 3629 2474 3685 flac
2501 3628 2687 3700 primas
2712 3632 2942 3696 cogente
2965 3637 3185 3693 gemens
3212 3623 3492 3696 operarius
3516 3622 3684 3686 horae,

2433 3718 2665 3776 Vincere
2692 3716 2953 3774 fossorem
2980 3715 3171 3771 nititur
3198 3714 3511 3780 undecimae,

2364 3812 2493 3870 llaec
2536 3821 2814 3885 postrema
2859 3810 3009 3867 dedit
3062 3810 3236 3868 crucis
3283 3811 3340 3865 in
3381 3810 3610 3866 ludibria
3651 3807 3795 3865 Chri-

3527 3901 3548 3976 [
3565 3909 3725 3966 stum,

2223 3996 2327 4052 ⁴¹15
2434 3994 2571 4052 Dum
2597 3995 2808 4067 peragit
2832 3994 2970 4052 livor
2995 3993 3329 4051 crudelitatis
3351 4009 3487 4066 opus
3508 4032 3527 4061 ,

2363 4087 2429 4144 Et
2450 4101 2688 4158 proeceps
2715 4087 2947 4158 populus
2967 4085 3120 4156 signa
3145 4095 3201 4142 et
3229 4084 3485 4142 miracula
3512 4099 3698 4141 rerum

2435 4176 2638 4234 Obtutu
2666 4175 2861 4245 cernit,
2888 4183 3110 4247 pectore
3132 4192 3241 4232 non
3270 4175 3481 4247 recipit.

2364 4270 2423 4327 ln
2452 4277 2663 4326 tantum
2685 4267 2877 4325 studiis
2906 4267 3184 4324 furialibus
3207 4268 3452 4339 improba
3480 4275 3706 4325 cunctos

2435 4363 2517 4418 Ab
2542 4361 2556 4415 1
2587 4362 2777 4418 verum
2805 4362 2861 4416 in
2890 4359 3097 4416 facinus
3123 4369 3360 4417 verterat
3387 4360 3627 4416 invidia:

2222 4456 2327 4511 480
2365 4454 2435 4512 Ut
2451 4471 2557 4511 000
2580 4453 2866 4521 nescirent,
2893 4452 2987 4510 sed
3016 4452 3222 4509 nollent
3244 4451 3485 4519 credere,
3514 4449 3660 4523 quod
3678 4460 3799 4507 tunc

2437 4545 2591 4604 Esset
2611 4561 2710 4618 per
2733 4545 3016 4602 Dominum
3037 4543 3415 4616 glorificandus
3438 4543 3624 4601 bomo.

739 2565 1087 2624 Confundunt
1104 2568 1304 2625 imbres
1325 2585 1341 2633 ς
1371 2568 1562 2624 fortior
1588 2582 1719 2622 aura
1743 2567 1885 2638 rapit
1909 2585 1925 2622 ε

667 2655 758 2713 Sic
799 2655 1004 2712 vultum
1021 2697 1038 2726 ,
1067 2655 1374 2728 quicunque
1399 2656 1597 2729 placet,
1625 2670 1946 2714 consumere
1970 2664 2107 2714 tem-

1857 2749 1997 2823 [pus
2019 2791 2038 2820 .

536 2843 638 2898 420
740 2841 811 2899 Et
831 2849 1012 2901 tumor
1036 2849 1094 2901 et
1117 2842 1256 2901 livor
1274 2843 1577 2915 despoliare
1598 2852 1800 2916 potest.

672 2938 850 3009 Atque
870 2978 888 3007 ‚
915 2937 1089 3010 ipsam
1123 2943 1185 2993 ut
1207 2925 1413 2994 tac'eam
1435 2980 1453 3007 ,
1502 2953 1622 3008 quae
1647 2938 1882 2996 conterit
1905 2938 2108 3006 omnia,

1745 3029 2038 3105 Iunonem,

744 3122 954 3192 Quanta
982 3122 1148 3180 licent
1174 3121 1401 3191 morbis,
1428 3121 1696 3190 febribus,
1724 3121 2041 3178 ulceribus?

675 3212 743 3268 lli
771 3213 954 3282 modo,
982 3214 1076 3284 qui
1101 3220 1303 3269 cauent
1325 3212 1448 3268 albo
1472 3211 1726 3270 sordente
1751 3211 1967 3283 capillo,
2134 3219 2183 3284 c

756 3302 998 3360 Collatas
1023 3303 1152 3358 olim
1182 3318 1292 3358 uon
1319 3303 1546 3358 timuere
1568 3303 1754 3373 pices:

544 3394 646 3450 425
683 3393 941 3461 Pendula,
970 3398 1092 3464 quae
1119 3400 1351 3450 moerent
1379 3395 1527 3466 mgis
1544 3393 1892 3463 deformibus,
1923 3411 2043 3467 ora,

755 3485 1099 3544 Protulerant
1122 3502 1321 3543 vanum
1347 3487 1724 3559 conspicienda
1752 3486 1933 3545 decus.

681 3579 790 3647 Qui
818 3579 1037 3635 nuncin
1061 3578 1182 3634 laxa
1211 3577 1469 3634 tremulus
1494 3579 1582 3650 pia
1609 3578 1751 3650 pelle
1775 3578 2011 3650 vacillat,

757 3672 863 3729 Vix
888 3671 1114 3730 dederat
1140 3670 1287 3727 tenui
1311 3670 1464 3740 signa
1489 3680 1676 3728 notata
1707 3672 1846 3727 solo.

680 3761 876 3820 Cervix
901 3803 919 3830 ,
948 3760 1085 3819 colla
1106 3801 1124 3829 ,
1153 3776 1344 3817 manus
1367 3801 1384 3831 ,
1423 3769 1481 3818 et
1518 3761 1663 3836 quod
1703 3777 1847 3820 nunc
1871 3760 2124 3820 omnibus

1798 3853 1823 3929 [
1840 3853 2051 3918 horret,

548 3948 649 4004 ⁴30
754 3946 901 4004 11001
932 3946 1143 4003 miseris
1165 3946 1436 4018 quondam
1470 3962 1633 4004 causa
1660 3945 1856 4004 furoris
1895 3953 2070 4004 erant.

684 4039 932 4108 Lumina,
960 4054 1078 4109 quae
1102 4038 1346 4094 madidus
1369 4037 1630 4094 deformia
1656 4039 1854 4096 subluit
1881 4039 2095 4104 humor,

756 4133 1041 4190 Stellarum
1060 4129 1234 4187 rutiloe
1260 4145 1362 4187 ceu
1387 4130 1626 4187 micuere
1651 4130 1817 4188 faces.

688 4223 919 4295 Respice
943 4220 1090 4290 quod
1119 4221 1304 4291 paucis
1330 4218 1488 4276 floret
1511 4260 1528 4287 ,
1575 4236 1677 4279 nec
1702 4227 1983 4296 permanet
2019 4234 2121 4276 an-

1879 4313 2003 4387 [nis
2029 4355 2047 4383 ,

757 4404 827 4461 Ε1
855 4412 1032 4462 tamen
1057 4403 1273 4460 :eternis
1298 4402 1457 4474 culpa
1485 4413 1665 4460 manet
1692 4404 1966 4477 lacrymis.

553 4498 655 4554 &55
686 4496 828 4568 Ergo
847 4495 1113 4569 puellares
1138 4495 1316 4551 vultus
1333 4493 1641 4565 formasque
1666 4493 1943 4565 decentes,

758 4592 866 4647 Aut
890 4604 1049 4647 verso
1074 4596 1170 4646 aut
1197 4601 1378 4644 merso
1403 4587 1669 4658 despicies
1691 4585 1891 4657 capite.
2151 4589 2203 4650 1)

690 4683 864 4754 Atque
889 4690 949 4739 ut
973 4682 1049 4739 sis
1072 4681 1287 4752 penitus
1312 4679 1392 4737 sic
1413 4679 1578 4736 corde
1597 4686 1660 4734 ut
1684 4691 1914 4748 corpore
1937 4691 2122 4748 purus,
2776 4657 2866 4712 DE
2903 4656 3249 4714 AVAffiTlA·

762 4771 834 4829 Ut
858 4773 1061 4828 nullum
1083 4771 1248 4828 facias
1267 4769 1575 4840 suspicione
1599 4781 1753 4824 reum
1777 4781 1795 4834 ;
2370 4771 2483 4831 Nec
2508 4787 2639 4827 cura
2667 4771 2871 4827 leviore
2899 4769 3097 4827 dehinc
3123 4772 3293 4827 vitare
3320 4781 3596 4829 memento

693 4863 769 4919 Da
797 4863 1051 4930 studium,
1082 4877 1268 4926 curas,
1300 4869 1355 4916 et
1377 4874 1592 4930 semper
1617 4858 1874 4930 providus
1901 4864 2051 4930 opta,
2462 4863 2630 4921 Unius
2651 4863 2988 4919 innumerum
3011 4863 3215 4919 crimen
3244 4862 3515 4918 Avaritiae.

557 4956 658 5012 440
764 4955 834 5011 Ut
861 4954 956 5010 tibi
982 4955 1052 5010 sit
1078 4954 1224 5010 nulla
1250 4952 1446 5010 femina
1469 4951 1657 5022 iuncta
1682 4950 1885 5007 nimis:
2369 4953 2628 5011 Omnibus
2654 4954 2708 5010 in
2738 4954 2896 5009 terris
2913 4994 2930 5022 ,
2959 4968 3095 5025 quas
3118 4955 3200 5011 sol
3223 4954 3389 5022 videt,
3419 4968 3638 5024 aequora
3656 4955 3799 5011 clau-

694 5049 920 5105 Amittet
945 5047 1110 5116 vires,
1129 5047 1175 5102 si
1199 5061 1306 5102 000
1333 5047 1442 5102 sint
1467 5045 1646 5111 obvia,
1673 5050 1884 5101 ventus.
3525 5045 3732 5120 [dunt.

767 5141 968 5197 Pabula
1003 5140 1051 5196 si
1078 5139 1273 5206 desint,
1304 5140 1488 5195 irritus
1514 5139 1653 5210 ignis
1681 5138 1803 5194 erit.
2229 5137 2339 5195 485
2442 5138 2693 5209 Quasque
2730 5137 2847 5194 dies
2881 5136 3121 5206 adeunt,
3167 5153 3407 5210 quasque
3439 5146 3631 5208 tegunt
3657 5147 3802 5193 tene-

695 5236 774 5291 Ac
801 5249 872 5290 ne
898 5231 1168 5288 mandatis
1193 5240 1400 5286 tantum
1428 5246 1525 5302 par
1553 5246 1660 5286 una
1688 5237 1907 5301 putetur
3547 5230 3697 5307 [ιη-ω
3716 5272 3736 5300 ‚

628 5390 797 5447 Versu
815 5387 942 5442 427.
970 5385 1139 5452 Deir„
1164 5382 1390 5454 perpeue
1408 5384 1529 5450 κάς
1552 5382 1835 5456 legendum
1854 5384 2129 5442 existimat
2301 5391 2477 5446 Versu
2496 5386 2620 5443 468.
2647 5386 2819 5455 Delr.‚
2849 5387 3083 5458 fratrem.

558 5459 934 5585 fles.
961 5454 1452 5583 0
2650 5455 3427 5583 suma.
3461 5455 3805 5513 ¹²0

629 5547 803 5657 Ἷὲἓιῗ
823 5599 948 5655 459.
976 5598 1058 5652 Al·
1087 5612 1294 5653 curam·
2228 5548 2347 5659 fflpe
2357 5544 2675 5656 ‘gonfessi’uffi
2707 5541 3106 5654 es’tfllilav’idem
3134 5606 3315 5654 autem
3342 5544 3520 5655 &ulis
3535 5543 3801 5668 genscum

629 5672 800 5728 Versu
823 5670 948 5727 445-
977 5668 1146 5735 Deir„
1177 5669 1222 5723 α’
1248 5665 1366 5722 ”5¹²3-
2231 5689 2329 5744 pcr
2350 5670 2510 5727 antici
2551 5669 2787 5725 ationem
2813 5675 2992 5724 vocat.

630 5741 802 5797 Versu
830 5740 953 5797 448.
979 5739 1064 5796 ΑΙ.
1094 5748 1200 5794 tam
1228 5747 1300 5791 el.
2304 5743 2472 5797 Versu
2535 5739 2623 5794 82.
2654 5738 2827 5803 Delr.,
2859 5738 3070 5792 leviora.

633 5810 803 5865 Versu
830 5810 955 5866 455.
979 5811 1062 5866 ΔΙ.
1094 5808 1149 5864 N
1152 5825 1238 5865 am
1264 5808 1315 5862 si
1346 5814 1595 5876 torpores.
2303 5813 2473 5869 versu
2496 5810 2619 5868 484.
2651 5809 2791 5865 Delr.
2822 5807 2983 5877 male,
3011 5824 3159 5880 quos.

631 5878 802 5937 Versu
820 5880 941 5937 400.
974 5879 1127 5951 Apud
1145 5879 1289 5938 Dclr.
1317 5877 1469 5935 deest
1489 5878 1667 5936 nintio.

3998 325 4002 386 l
