4034 6184
487 291 627 351 tols

482 406 582 467 ilic
599 404 776 466 stabili
801 406 999 464 virtute
1023 413 1216 478 potens
1239 412 1354 459 tum
1379 400 1600 459 tendere
1615 410 1806 459 contra

481 500 678 569 Audet,
697 507 756 557 et
773 498 1024 572 opposito
1048 495 1238 553 fluctus
1255 494 1381 550 dum
1405 500 1626 566 pectore
1651 491 1865 563 trangit,

483 596 639 668 Saepe
664 592 999 663 sacerdotes,
1024 588 1280 664 populum
1305 586 1432 645 dum
1449 600 1592 657 saepc
1615 592 1862 643 coercet:

478 689 808 748 cunctorum
835 684 1040 744 imidiis
1063 695 1371 755 oppressus,
1396 676 1619 736 verbera
1641 689 1852 749 pasus,

480 779 672 839 Pulsus
693 779 762 837 ad
784 787 1083 837 extremum
1107 782 1318 831 terrena
1335 769 1633 827 habitacula
1656 768 1846 839 liquit:

478 871 728 928 Attamen
755 884 851 927 ore
875 867 1036 925 iidem
1062 865 1250 933 tenuit,
1277 863 1367 919 vel
1389 860 1551 920 corde
1575 860 1822 918 salutem.

546 960 690 1032 Ergo
712 968 774 1016 ut
792 955 1092 1015 cedendum
1112 964 1262 1012 ratus
1279 961 1366 1012 est
1383 968 1453 1010 ne
1471 950 1611 1010 sorte
1635 957 1934 1008 morantem

475 1054 742 1113 obrueret
766 1059 1010 1110 numum
1032 1047 1278 1107 subversi
1300 1046 1508 1104 insania
1536 1043 1738 1112 mundi,

475 1146 679 1204 Gallica
696 1159 822 1202 rura
841 1142 1000 1217 petit,
1026 1155 1240 1199 rursum
1259 1147 1317 1198 et
1334 1139 1555 1212 vestigia
1580 1146 1727 1194 retro

474 1235 770 1295 Observata
796 1235 925 1306 legit
945 1249 1056 1292 non
1081 1233 1361 1291 immemor
1380 1230 1471 1289 ille
1497 1228 1640 1286 ildei.

473 1328 584 1386 Sed
602 1343 726 1388 cnm
744 1327 986 1386 funestus
1000 1334 1120 1384 toto
1143 1326 1358 1384 saeviret
1381 1325 1437 1382 in
1462 1323 1596 1382 orbe

476 1421 659 1490 Error,
688 1429 746 1479 et
766 1429 1039 1480 extremos
1055 1426 1363 1492 pmerent
1388 1418 1503 1475 boc
1526 1414 1751 1474 crimina
1775 1410 1980 1478 Gallos,

473 1514 715 1586 Cumque
735 1514 909 1585 ipsum
933 1526 1147 1569 murum
1167 1511 1312 1579 adei,
1337 1509 1674 1579 validamque
1697 1506 1999 1564 columnam

474 1606 731 1665 Hilarium
753 1604 929 1661 fintani
949 1603 1196 1661 trutinet
1221 1602 1380 1658 factio
1404 1600 1600 1668 minutii,

475 1701 698 1758 Paulum
718 1704 1025 1757 constructa
1041 1696 1230 1754 statuit
1250 1696 1584 1764 requiescere
1608 1692 1765 1760 nulla,

472 1793 573 1853 llic
597 1794 687 1851 ubi
711 1792 1030 1865 gaudentem
1047 1787 1303 1848 nemoris.
1332 1788 1416 1844 val
1444 1788 1676 1856 minuitis
1701 1784 1905 1840 umbris

471 1884 675 1944 ltaliam
699 1884 871 1957 pingit
891 1882 1248 1956 pulcherrima
1273 1879 1616 1936 Mediastinus*

540 1977 677 2035 Hine
693 1990 909 2049 quoque
925 1973 1114 2048 pulsus
1135 1972 1272 2040 abit,
1288 1979 1460 2028 terras
1488 1984 1540 2024 nt
1563 1988 1608 2020 m
1616 1968 1753 2024 mnia
1777 1964 1965 2036 linquit

469 2069 537 2128 m
561 2069 809 2143 pelagum
835 2066 1133 2138 numaque
1151 2073 1360 2136 petens,
1380 2064 1504 2134 quin
1536 2064 1725 2116 [OEdlffl‘
1753 2060 1893 2116 unda

470 2162 716 2235 llospitio
738 2160 909 2232 magis
927 2167 987 2217 et
1004 2157 1207 2231 populi,
1227 2155 1479 2226 vulgique
1496 2151 1753 2226 procella,

468 2259 641 2327 Quam
667 2254 820 2327 ponti
840 2251 1124 2311 metuenda
1149 2250 1286 2307 luit:
1316 2250 1603 2306 comitatur
1627 2245 1873 2304 eumdem

470 2345 754 2423 Presbyter
776 2345 1015 2419 ejudem
1037 2342 1217 2400 meriti
1232 2340 1527 2412 similisque
1547 2337 1752 2412 pericli.

467 2439 644 2496 insula
672 2438 728 2495 in
745 2435 1037 2509 hospitium
1062 2432 1259 2504 legitur
1279 2430 1471 2505 procul
1496 2429 1707 2500 bospite
1728 2428 1798 2484 ab
1814 2425 1991 2494 omni;

468 2530 643 2588 llerba
668 2530 792 2588 cibo
816 2528 949 2586 satis
973 2534 1058 2584 est
1085 2544 1102 2582 ε
1129 2524 1282 2596 cuius
1308 2522 1576 2580 radicibus
1600 2520 1684 2577 usi

465 2622 596 2679 'l'am
615 2620 785 2678 sterili
807 2619 953 2676 victu
969 2616 1242 2689 duplicant
1260 2613 1465 2686 ieiunia
1485 2611 1678 2670 uncti.

468 2719 707 2787 Dumque
732 2713 1021 2770 indiscrete
1037 2718 1257 2768 tenuem
1283 2709 1546 2766 rimantur
1562 2707 1616 2763 in
1644 2718 1828 2762 escam

465 2803 728 2879 Quidquid
756 2804 1047 2875 inexpertas
1069 2799 1391 2872 promebant
1414 2798 1622 2855 viscera
1647 2803 1825 2862 terrae.

465 2896 699 2955 ellebori
724 2908 944 2968 gramen
969 2892 1149 2952 subito
1174 2905 1393 2950 sensere
1418 2904 1683 2947 venenum

465 2989 795 3049 ssortlferum
820 2985 952 3044 totis
977 2986 1126 3043 virus
1142 2983 1439 3042 diffundere
1453 2981 1730 3039 membris.

466 3079 710 3152 Per-gitur
732 3077 804 3136 ad
827 3078 1108 3136 Dominum
1125 3083 1241 3134 tota
1259 3075 1455 3132 virtute
1478 3072 1751 3146 precandi.

464 3172 571 3230 Sed
594 3185 889 3245 praegreoea
915 3183 1104 3240 preces
1123 3169 1315 3240 pietas,
1340 3168 1414 3224 nil
1440 3169 1645 3224 artibus
1670 3176 1866 3235 actum,

363 3244 378 3258 ⁸
464 3261 572 3320 Sed
588 3275 826 3333 ιιι-ποετις
846 3257 1109 3315 medicina
1134 3255 1236 3314 fuit
1261 3273 1387 3330 spes
1410 3258 1528 3314 sula
1552 3258 1758 3316 salutis.

464 3351 758 3410 Cernamus
780 3358 897 3407 toto
921 3351 1017 3422 qni
1042 3350 1207 3407 vitam
1232 3363 1473 3421 quaerere
1497 3366 1664 3409 censu

465 3442 645 3500 Effusa
670 3443 727 3500 in
751 3440 992 3499 medicos
1013 3455 1178 3513 prece
1196 3440 1450 3499 mercede
1472 3442 1731 3512 solemus,

467 3533 536 3592 Ut
562 3541 808 3592 crescant
823 3533 1024 3592 nostris
1050 3531 1263 3590 vivendi
1288 3541 1532 3605 tempora
1548 3536 1818 3604 -uummis,

460 3625 729 3696 Quidnam
753 3625 845 3682 bic
869 3623 1056 3683 electis
1072 3631 1296 3696 egerunt
1315 3625 1509 3697 pocula
1530 3626 1706 3683 succis

463 3719 731 3791 Lectaque
751 3718 807 3776 in
833 3716 1068 3790 antiquis
1093 3717 1364 3789 qnondam
1385 3717 1738 3776 medicamina
1757 3718 1939 3789 libris;

462 3812 561 3871 liic
582 3821 732 3872 certe
754 3811 987 3869 celerem
1013 3811 1132 3868 sine
1147 3818 1365 3883 sumptu
1381 3820 1477 3869 aut
1498 3820 1617 3870 arte
1641 3812 1869 3870 salntem

460 3907 570 3966 Gor
594 3904 813 3977 meruit,
839 3905 1167 3976 verbumque
1183 3904 1352 3972 dedit,
1370 3905 1629 3963 miremur
1644 3914 1886 3963 ovantes.

460 3997 580 4056 Vox
604 3997 748 4067 silet,
774 4004 833 4054 et
858 4011 1018 4054 cansa
1045 3996 1303 4053 astruitur
1315 3994 1555 4053 clamore
1579 4003 1872 4065 tacentum,

459 4088 701 4147 Sentitur
721 4088 982 4153 medicus,
1010 4102 1112 4143 nec
1138 4086 1393 4154 cernitur,
1421 4088 1602 4143 omnia
1627 4089 1802 4145 musis

459 4179 698 4241 Bembra
716 4167 869 4253 puris
893 4186 1063 4236 totam
1089 4177 1377 4234 admittunt
1396 4177 1466 4234 ad
1481 4179 1690 4236 viscera
1715 4195 1920 4238 curam.

529 4273 740 4331 interea
766 4269 964 4342 iniusto
991 4269 1208 4326 tandem
1237 4283 1480 4327 remeare
1505 4270 1740 4330 refertur

456 4366 688 4422 Sanctus
710 4361 781 4418 ab
805 4359 995 4417 exsilio
1011 4374 1112 4433 per
1135 4361 1277 4430 regis
1298 4359 1449 4432 jussa
1468 4363 1740 4436 sacerdos,

456 4457 595 4514 Cum
621 4470 732 4528 quo
756 4454 1029 4527 praeclarae
1052 4452 1267 4511 fuerant
1289 4456 1560 4514 consortia
1579 4458 1704 4515 vitoe

456 4550 596 4606 num
614 4547 955 4605 Pictavorum
973 4544 1168 4604 doctor
1191 4544 1406 4604 floreret
1429 4549 1486 4605 in
1513 4550 1647 4619 oris,

457 4637 734 4696 indomitis
754 4637 972 4696 tradens
997 4638 1207 4711 populis
1232 4649 1494 4713 praecepta
1521 4642 1726 4699 salutis.

457 4728 531 4786 Et
545 4744 870 4801 quamquam
892 4745 1124 4803 propere
1149 4738 1390 4789 sanctum
1415 4734 1682 4805 rapuisset
1699 4746 1946 4796 ovantem

457 4821 631 4881 Velox
656 4822 850 4880 affectu
877 4822 1067 4894 pietas,
1099 4832 1278 4882 tamen
1304 4825 1397 4883 ille
1419 4841 1695 4885 morarum

456 4914 746 4990 impatiens
770 4914 927 4971 celsa}
948 4913 1061 4984 iam
1087 4915 1319 4986 liquerat
1340 4916 1507 4975 ardua
1535 4919 1722 4978 Romae

459 5005 678 5076 amna,
697 5003 997 5061 Pictonicas
1021 5004 1180 5062 citius
1195 5007 1534 5065 revehendus
1552 5009 1622 5067 ad
1647 5027 1791 5070 oras.

528 5097 672 5168 Ergo
695 5097 880 5166 legens
905 5109 1196 5167 praegressa
1220 5098 1313 5170 pio
1336 5101 1562 5173 vestigia
1587 5118 1753 5162 cursu

460 5189 767 5249 Promeruit
783 5195 968 5245 votum
993 5186 1174 5245 cordis
1198 5188 1465 5262 finemque
1491 5192 1710 5251 laboris.

458 5282 735 5341 Construit
758 5280 848 5338 bic
868 5279 1059 5337 cellam
1085 5279 1237 5338 sessis
1261 5283 1452 5341 solatia
1474 5287 1748 5344 membris.

458 5374 593 5434 Nam
618 5389 773 5430 mens
797 5372 956 5445 plena
972 5370 1085 5429 Deo
1105 5373 1307 5429 coelesti
1333 5375 1388 5430 in
1405 5375 1535 5433 sede
1560 5379 1831 5436 manebat.

529 5466 632 5523 liic
658 5462 820 5522 modo
846 5463 894 5520 si
917 5471 1164 5520 veterum
1186 5464 1488 5523 recolamus
1513 5469 1754 5526 carmina
1778 5481 1962 5529 vatum

457 5560 594 5614 Cum
614 5555 795 5614 subito
821 5555 1078 5612 attonitos
1114 5561 1397 5627 quaterent
1421 5559 1677 5616 miracula
1703 5576 1914 5638 sensus,

456 5650 732 5705 clamaret
755 5646 1010 5702 miserum
1030 5662 1220 5704 vecors
1246 5647 1450 5705 insania
1476 5649 1736 5709 Pboebum

460 5740 571 5801 Nec
591 5740 792 5800 simet
807 5738 972 5801 falsas
989 5741 1168 5803 saltim
1183 5742 1526 5805 renuiescere
1540 5743 1741 5807 umas.
1812 5832 1818 5842 .

1582 286 1645 344 n.
1682 283 1957 346 munim
1988 254 2618 347 rsrmconmsusls.

2059 400 2119 464 Δ
2142 396 2345 458 Delfica
2363 402 2593 460 mentito
2618 410 2967 476 quaterentur
2998 403 3244 477 Apolline
3263 403 3464 478 templa

3580 288 3726 346 1016

2141 488 2451 561 Cunctaque
2475 492 2757 550 surdarum
2776 502 3057 566 raperetur
3084 494 3237 551 turba
3261 509 3538 555 sororum,

2138 577 2326 637 Excita
2344 581 2397 637 vi
2424 589 2597 638 totum
2621 582 2957 655 complerent
2977 591 3215 641 monstra
3240 584 3498 641 intorem.

2137 669 2247 727 Nos
2272 671 2469 742 quibus
2487 687 2522 729 a
2540 671 2758 730 cbristo
2783 689 2975 734 sensus
2998 676 3086 733 vel
3103 674 3270 733 verba
3297 684 3576 748 petuntur,

2135 758 2454 819 christicola
2478 761 2706 835 inspires
2731 765 2972 837 paulum,
3007 764 3253 837 llartine,
3272 780 3581 838 precamur.

2138 847 2220 906 'l'u
2234 850 2328 920 qni
2351 849 2615 909 defunctis
2633 853 2854 925 potuisti
2873 853 3098 913 reddere
3120 856 3309 924 vitam,

2134 936 2347 996 Auxilio
2374 939 2586 997 Domini
2608 942 2787 1000 vuitus
2814 943 2948 1001 mibi
2968 944 3135 1002 redde
3156 945 3409 1002 salutem.

2135 1025 2347 1087 Primus
2372 1044 2474 1100 ego
2496 1030 2715 1088 indultae
2740 1033 2970 1090 reseram
2997 1033 3255 1092 miracula
3270 1034 3418 1101 vitm,

2134 1117 2345 1179 Primus
2370 1116 2587 1183 retentis
2604 1123 2931 1196 disrumpam
2953 1124 3188 1182 claustra
3212 1122 3485 1196 sepulcri:

2132 1209 2283 1268 Justa
2305 1225 2499 1284 precor
2522 1220 2640 1270 toto
2664 1211 2948 1271 defunctus
2973 1212 3138 1270 corde
3162 1221 3471 1285 patronum,

2134 1299 2208 1358 Ut
2225 1309 2384 1359 tantae
2410 1301 2582 1360 laudis
2599 1302 2784 1361 titulos
2808 1318 2960 1360 mens
2980 1303 3103 1360 viva
3128 1303 3400 1375 loquatur.

2132 1389 2277 1465 Ergo
2301 1393 2426 1453 licet
2448 1394 2593 1452 fandi
2619 1393 2762 1452 vires
2785 1394 3034 1454 sublimia
3062 1395 3281 1453 vincant

2132 1483 2317 1553 Gesta,
2347 1499 2449 1544 nec
2473 1483 2661 1541 orandi
2687 1484 2890 1544 moduli
2914 1501 2976 1542 se
2994 1484 3240 1543 laudibus
3262 1494 3502 1557 aequent,

2134 1575 2445 1650 Aggrediar.
2475 1575 2557 1634 Tu
2581 1577 2807 1650 quisque
2832 1577 3016 1648 legens
3041 1572 3153 1634 tain
3174 1577 3304 1633 vilia
3332 1579 3529 1636 temnis

2130 1664 2405 1735 Carmina,
2431 1664 2557 1721 dum
2584 1666 2746 1723 verba
2772 1664 2985 1735 irrides,
3013 1666 3281 1724 mirabere
3301 1666 3461 1724 tacta.

2056 1757 2108 1820 Β
2201 1756 2424 1825 Quidam
2443 1763 2554 1813 tam
2573 1757 2735 1814 clarae
2760 1746 2987 1816 cernens
3013 1758 3273 1817 miracula
3296 1759 3422 1816 vitae

2134 1847 2309 1919 Eiegit
2332 1856 2486 1906 tanto
2511 1856 2682 1906 semet
2700 1849 2911 1906 sociare
2935 1849 3195 1922 magistro

2129 1939 2355 2012 Hystica
2378 1953 2538 2010 quem
2558 1938 2793 1998 nondum
2818 1938 2981 1998 fontis
2998 1949 3352 2000 renovaverat
3378 1943 3543 2002 unda.

2131 2029 2269 2088 Huic
2292 2028 2461 2088 febris
2487 2038 2626 2088 totas
2651 2032 2864 2104 penitus
2883 2031 3106 2105 depasta
3132 2033 3393 2092 medullas

2132 2118 2375 2177 Extorsit
2400 2129 2620 2179 tenuem
2644 2132 2965 2196 consumpto
2990 2136 3222 2196 corpore
3247 2126 3435 2185 vitam.

2128 2209 2209 2267 Ac
2226 2215 2339 2267 mm
2360 2209 2501 2269 forte
2525 2212 2721 2270 absens
2745 2211 2955 2279 doctor,
2984 2213 3080 2271 sed
3112 2215 3296 2272 sedula
3321 2215 3546 2275 sratnun

2129 2300 2360 2374 Relligio
2386 2303 2692 2360 exanimum
2718 2304 3005 2377 plangebat
3024 2315 3213 2364 moesta
3239 2307 3492 2380 cadaver,

2128 2393 2359 2452 Hoerens
2378 2395 2641 2467 supplicio
2663 2394 2861 2464 fratris,
2890 2411 3000 2453 non
3025 2395 3214 2454 sunere
3238 2399 3433 2456 carnis.

2128 2485 2436 2543 Adveniens
2462 2494 2680 2544 sanctus
2702 2484 2833 2544 fletu
2858 2487 2999 2559 rigat
3023 2488 3189 2546 ubere
3207 2490 3432 2556 vultum,

2128 2575 2374 2635 Defuncti
2400 2578 2610 2635 tristem
2630 2593 2814 2636 casum
2840 2579 3146 2651 miseratus,
3167 2590 3222 2638 et
3246 2598 3460 2641 omnem

2127 2666 2371 2739 implevit
2389 2668 2626 2725 clamore
2643 2669 2837 2737 locum,
2856 2685 2985 2726 mox
3014 2678 3152 2728 teste
3170 2681 3377 2730 remoto

2127 2755 2321 2829 irrupit
2336 2765 2579 2816 moestam
2606 2767 2717 2816 tam
2744 2759 2883 2816 tristi
2902 2758 3091 2818 iuuere
3116 2762 3330 2819 cellam.

2128 2845 2266 2904 'l'um
2288 2863 2451 2920 super
2474 2849 2777 2907 exanimum
2803 2864 2925 2907 sese
2946 2852 3176 2924 projecit
3203 2854 3462 2921 amicum;

2128 2936 2347 2997 Cunctis
2371 2939 2625 3011 frigentes
2646 2939 2901 2997 membris
2925 2941 3300 3012 complectitur
3319 2953 3489 3012 artus,

2129 3029 2385 3101 Aspirans
2409 3040 2624 3087 tenuem
2642 3044 2807 3103 super
2834 3031 3186 3103 ora‘rigentia
3210 3032 3420 3090 ilatum.

2058 3125 2108 3193 c
2132 3119 2382 3175 Attamen
2408 3118 2478 3176 ad
2502 3117 2790 3178 Dominum
2809 3121 3025 3193 penitus
3046 3137 3172 3194 spes
3198 3131 3312 3182 tota
3333 3123 3587 3195 mtertnr.

2129 3210 2357 3268 Assueta
2384 3218 2569 3268 oratur
2594 3212 2786 3284 pietas,
2812 3213 3085 3272 miseratio
3105 3222 3230 3273 nota

2127 3300 2393 3368 Poscitur,
2424 3310 2479 3359 et
2503 3305 2753 3360 meritum
2780 3298 2903 3361 iidei
2921 3305 3188 3363 credendo
3206 3316 3460 3366 meretur.

2126 3390 2271 3448 vidit
2287 3391 2476 3448 adesse
2493 3391 2660 3449 Deum
2688 3393 2809 3464 puri
2837 3390 3029 3451 iiducia
3056 3396 3254 3464 cordis„

2126 3480 2495 3553 Effectumque
2521 3482 2625 3554 piis
2649 3492 2933 3540 senserunt
2950 3485 3155 3543 viscera
3180 3487 3347 3555 libris,

2129 3571 2242 3630 Nec
2268 3588 2444 3639 mora,
2472 3574 2563 3630 vix
2596 3574 2824 3645 geminis
2851 3583 3033 3632 votum
3062 3579 3405 3650 suspenditur
3425 3579 3595 3648 boris,

2128 3660 2394 3719 Paulatim
2422 3665 2650 3723 incussis
2675 3673 2951 3722 motantur
2976 3664 3139 3724 lintea
3165 3670 3441 3740 membris,

2128 3752 2462 3826 Arentesque
2484 3765 2635 3814 artus
2654 3771 2906 3813 venarum
2930 3758 3156 3817 humore
3182 3761 3422 3831 rigantur

2127 3845 2429 3917 Amatuque
2447 3849 2638 3906 animae
2654 3857 2845 3921 pectus
2868 3851 3092 3921 glaciale
3118 3855 3366 3926 tepescit.

2126 3936 2359 3996 Obducti
2384 3936 2559 3995 inrum
2582 3948 2886 3997 reserantes
2905 3939 3106 3998 lumine
3129 3944 3278 4000 visus

2126 4025 2336 4085 Felices
2358 4025 2550 4097 quibus
2574 4026 2780 4084 inducti
2803 4028 2903 4085 sub
2937 4029 3163 4089 luminis
3179 4039 3305 4088 ortu

2126 4119 2366 4191 Contigit
2391 4119 2445 4174 in
2464 4118 2636 4189 primo
2655 4117 2942 4177 liartinum
2962 4137 3188 4182 cernere
3213 4127 3424 4185 morbo.

2128 4209 2364 4282 Erigitur
2381 4218 2553 4268 totum
2580 4212 2759 4269 subito
2785 4212 3061 4272 molimine
3088 4232 3304 4291 corpus,

2126 4300 2198 4357 Et
2222 4302 2363 4357 cutis
2383 4302 2572 4360 exaesis
2590 4301 2790 4358 dudum
2804 4302 2915 4373 iam
2941 4304 3112 4362 lurida
3140 4310 3421 4376 membris,

2126 4393 2460 4466 Purpureum
2486 4396 2680 4468 recipit
2696 4411 2857 4453 succo
2876 4398 3099 4457 meliore
3125 4401 3396 4459 ruborem.

2050 4494 2105 4557 ι)
2126 4483 2246 4541 Vox
2269 4484 2459 4554 facilis,
2475 4484 2747 4556 ingressus
2769 4488 2995 4556 stabilis,
3024 4504 3214 4549 manus
3240 4499 3384 4564 apta,
3395 4493 3582 4564 vigens
3606 4511 3718 4562 cor,

2130 4573 2300 4631 Totus
2325 4575 2488 4631 homo
2512 4589 2581 4631 ex
2607 4576 2770 4633 variis
2788 4575 3021 4635 conflato
3042 4593 3271 4651 corpore
3295 4583 3474 4641 causis

2131 4663 2306 4721 Unam
2331 4665 2566 4736 suscepit
2588 4663 2802 4722 diverso
2825 4667 2882 4722 in
2906 4682 3130 4726 munere
3147 4671 3331 4730 vitam.

2131 4755 2365 4814 Eliciunt
2389 4769 2635 4827 magnam
2663 4773 2792 4815 mox
2814 4760 3006 4829 gaudia
3034 4762 3266 4819 maxima
3290 4779 3501 4821 vocem.

2130 4845 2342 4904 Laudes
2360 4846 2538 4917 lingua
2563 4855 2724 4902 sonat
2748 4850 3007 4918 gratantis
3036 4853 3221 4908 nuntia
3244 4854 3458 4912 mentis.

2129 4937 2390 4995 Affectnm
2410 4938 2589 4995 cordis
2615 4940 2820 4998 clamor
2845 4945 3158 5013 pronuntiat
3176 4946 3306 5002 oris.

2127 5030 2325 5102 Irrupit
2346 5045 2473 5086 mox
2500 5031 2657 5087 turba
2684 5030 2849 5099 fores,
2873 5033 3175 5106 cellamque
3196 5037 3424 5109 replevit

2131 5119 2200 5176 Et
2221 5128 2436 5178 sanctas
2460 5121 2658 5178 cecinit
2682 5138 2909 5180 concors
2933 5127 3250 5199 symphonia
3269 5129 3470 5186 laudes.

2129 5211 2226 5268 llle
2248 5219 2428 5268 autem
2446 5218 2506 5267 ut
2523 5212 2738 5283 penitus
2761 5215 2925 5271 vitam
2946 5225 3069 5288 post
3089 5218 3226 5274 facta
3247 5229 3490 5290 novaret,

2129 5298 2426 5356 Confestim
2443 5309 2644 5357 aeterna
2669 5302 2830 5359 nituit
2854 5313 3143 5363 renovatus
3168 5305 3237 5361 ab
3262 5309 3406 5365 unda

2130 5387 2197 5444 Et
2214 5390 2411 5446 multos
2437 5389 2564 5446 felix
2581 5392 2787 5448 senium
2808 5396 3071 5466 protraxit
3094 5396 3147 5452 in
3171 5411 3342 5454 annos

2134 5482 2266 5539 Tam
2291 5482 2422 5540 clari
2450 5484 2606 5541 testis
2633 5500 2740 5540 non
2761 5501 2927 5557 parvo
2954 5496 3195 5560 tempore
3214 5489 3362 5548 sacti.

2131 5574 2286 5647 Saepe
2303 5574 2504 5632 etenim
2525 5576 2709 5634 multis
2737 5578 2878 5636 idem
2904 5595 3123 5638 narrare
3148 5582 3383 5646 solebat,

2132 5662 2332 5720 «iudicis
2355 5666 2542 5720 :eterni
2565 5676 2734 5722 semet
2761 5669 3042 5725 tremuisse
3061 5671 3296 5729 tribunal

2135 5760 2340 5819 Vilibus
2363 5759 2632 5820 addictum
2653 5762 2841 5830 turbis,
2867 5777 3214 5836 mersumque
3237 5765 3496 5830 mebris,
