4034 6184
258 276 313 336 ibi

294 393 398 448 interea
412 400 510 458 magno
523 386 625 443 circum
638 385 765 441 turbante
779 383 893 438 tumultu

259 483 350 539 ilostis
362 480 439 537 adest
452 479 555 547 aridus,
567 479 640 534 varia
651 491 731 548 quern
742 475 806 531 dote
822 473 921 530 relerta

258 572 390 630 Sollicitat
403 572 493 637 telius,
507 569 610 639 eampis
623 567 692 623 illisa
706 566 821 622 resultat

259 662 373 732 Ungula,
386 670 414 718 et
424 660 514 717 edusts
527 666 600 715 errat
613 656 757 728 populator
771 652 892 717 habenis

260 753 405 809 Adversum
418 749 544 806 stram
556 746 728 819 pinguissima
747 757 846 815 pascua
859 741 955 812 geutls.

261 843 331 898 Lotb
344 855 410 896 vero
423 839 509 910 portis
521 852 582 893 mm
591 850 655 906 rege
664 834 779 904 erumpit
792 833 904 903 aperus,

259 931 293 989 Et
304 932 391 989 vicina
404 944 500 986 manus
513 941 605 997 regum
618 926 691 982 socia
705 923 940 987 armamentum,

260 1023 358 1078 Secum
388 1019 493 1090 equites
524 1017 681 1087 peditesque
710 1013 822 1069 trabunt
842 1028 850 1065 τ
885 1007 1048 1066 distenditur

884 1099 1011 1172 laomen

259 1201 413 1271 Condigunt
425 1201 497 1256 acies
509 1194 620 1268 pariter,
634 1201 811 1262 sternuntque
820 1188 983 1259 caduntque.

260 1291 313 1347 Sed
328 1290 413 1360 turpis
425 1287 550 1343 &domm
564 1284 630 1340 luru
643 1281 761 1339 emollita
772 1280 908 1350 juventus,

260 1379 297 1435 llt
310 1394 417 1434 rursum
431 1375 533 1432 exarsit
545 1373 676 1445 repetitus
690 1369 831 1427 clamorin
847 1369 910 1431 iras,

259 1466 372 1523 l'ertunt
382 1473 457 1535 terga
470 1471 544 1520 metu
557 1482 564 1517 ε
582 1461 676 1533 rapido
689 1475 752 1530 pars
764 1459 863 1515 menia
875 1472 967 1524 cursu,

260 1555 327 1611 Pata
340 1566 445 1611 montes
457 1555 591 1621 silvasque
602 1558 709 1622 petunt,
721 1563 784 1619 pars
796 1556 873 1617 septa
886 1545 1002 1602 cateruis

260 1644 378 1708 Porrigit
392 1646 500 1715 ignavas
509 1643 543 1698 ad
557 1642 643 1697 tristia
658 1639 764 1695 uincula
776 1637 888 1708 palmas.

935 266 988 323 Cia
1010 266 1045 321 lt.
1065 264 1223 323 ViC‘fflfflS

1833 261 1888 318 ΒΗ

1134 375 1353 447 Quandoquidem
1367 374 1447 431 nulls
1458 372 1585 444 crepidam
1598 380 1627 428 te
1637 371 1729 445 praeda
1742 373 1851 444 tubegit

1098 468 1242 533 illecebris,
1257 466 1375 538 pretinm
1389 463 1461 531 iidei,
1475 476 1633 536 meroreque
1645 463 1769 519 laborum

1096 563 1199 620 liceum
1213 564 1292 635 plena
1302 562 1352 618 tibi
1369 570 1421 627 est,
1435 570 1515 632 taque
1525 570 1555 619 st
1567 569 1613 617 tua
1625 569 1724 618 mnus
1737 561 1838 618 tuebor

1096 654 1201 710 ilsredi
1215 653 1347 711 mraanda
1361 660 1421 720 tuo,
1437 666 1517 721 quesn
1530 650 1652 719 germine
1664 664 1727 707 sero

1097 743 1279 813 ngenituur‚
1292 755 1370 811 mags
1382 741 1468 797 multo
1481 740 1563 797 ctiam
1576 739 1638 811 pias
1650 737 1875 799 aucturamsbis.

1096 835 1139 891 itit
1149 834 1274 904 estquod
1287 842 1411 889 metuas:
1427 831 1513 887 barres
1525 838 1587 886 tuus
1600 829 1646 885 ille
1659 828 1807 886 Damascus

1097 924 1133 981 Ut
1143 925 1208 991 luat,
1221 925 1278 995 ipse
1291 932 1338 980 tec
1347 937 1442 979 cernes
1454 922 1489 978 de
1501 921 1604 979 umine
1618 929 1723 987 natum,

1097 1015 1233 1071 Αεεεεεεε
1245 1013 1322 1083 eujus
1333 1012 1435 1082 patrius
1447 1010 1559 1067 infautia
1570 1024 1679 1069 sensis.

1097 1104 1208 1175 Suspice
1219 1119 1370 1161 corruerem
1380 1118 1461 1174 quam
1472 1103 1556 1159 denso
1569 1101 1671 1157 lumine
1684 1101 1785 1158 coelmn

1097 1195 1172 1251 Picta
1188 1204 1269 1251 noete
1281 1196 1381 1262 mint,
1396 1193 1505 1266 quantis
1517 1200 1644 1262 magestt
1656 1199 1815 1262 premantur

1097 1284 1190 1341 Sidera
1201 1285 1342 1351 sideribus,
1357 1296 1570 1354 numerumque
1583 1281 1691 1351 objecta
1701 1289 1847 1340 recusent:

1098 1374 1214 1431 Seminis
1226 1375 1279 1430 boe
1292 1374 1430 1444 exemplar
1442 1373 1537 1440 babes,
1549 1370 1695 1442 stirpisque
1708 1369 1808 1427 tumre

1099 1461 1252 1534 liultiplicis
1262 1461 1385 1518 ienuam.
1401 1461 1446 1517 Sic
1459 1460 1538 1526 latus,
1551 1461 1627 1516 linit:
1639 1468 1668 1515 at
1680 1459 1726 1516 ‘dte

1097 1552 1228 1618 Credidit,
1239 1560 1268 1608 et
1278 1551 1357 1607 εεεε
1370 1551 1432 1609 [idei
1448 1552 1591 1608 oensemio
1603 1550 1662 1608 sola

1099 1643 1209 1699 Plenam
1222 1640 1257 1697 ad
1265 1640 1374 1711 justitim
1386 1649 1414 1698 et
1427 1641 1516 1697 meriti
1529 1648 1654 1711 reputata
1666 1653 1795 1695 coronam
1807 1645 1861 1694 est.

296 1737 332 1793 Ut
341 1752 408 1792 uero
421 1745 534 1807 patruus
546 1742 653 1803 captum
668 1730 736 1787 Lotb
751 1729 836 1784 audiit
848 1727 958 1791 Abram.
1064 1725 1187 1802 Bdtque
1197 1730 1265 1786 adeo
1276 1730 1339 1787 binc
1352 1731 1451 1787 Abram
1465 1737 1539 1787 tanta
1550 1729 1676 1786 ummede
1689 1729 1829 1796 ducemur,

261 1826 319 1883 Non
332 1827 404 1894 beru,
420 1826 494 1897 (quid
507 1824 579 1880 enirn
593 1821 672 1877 fletus
683 1818 819 1877 conimrel
831 1817 918 1874 luania
927 1817 951 1887 l)

261 1916 314 1973 Sed
325 1918 423 1972 virtute
437 1924 514 1986 parat
527 1913 602 1968 iratri
615 1923 772 1968 succumme
784 1917 875 1980 capto.

261 2005 409 2063 instructos
423 2006 503 2076 igitur
516 2011 667 2060 tercentum
680 2001 774 2070 deligit
787 2000 861 2056 omui

1100 1821 1199 1889 Quanti
1214 1821 1251 1876 sit
1262 1820 1352 1877 meriti
1367 1819 1457 1877 diviua
1468 1818 1579 1876 credere
1591 1817 1693 1875 Verbo.

1104 1909 1232 1966 Demeriti
1245 1917 1339 1965 metra
1351 1909 1445 1979 quanti
1458 1924 1512 1965 noa
1523 1906 1654 1965 credere:
1669 1918 1785 1977 namque
1798 1915 1829 1963 ut

1100 2001 1229 2065 Credidit,
1243 2001 1295 2059 bae
1308 2016 1415 2059 rursum
1427 2000 1516 2057 divisa
1530 2015 1597 2059 voce
1606 2008 1726 2058 moretm

263 2095 302 2153 lle
312 2110 403 2166 grege,
414 2096 508 2166 bisque
517 2108 614 2150 norem
631 2091 755 2160 ramulos,
766 2104 835 2161 quos
844 2096 907 2144 aute
915 2092 1052 2158 prauntes
1100 2091 1199 2158 Solam,
1210 2090 1386 2164 Omnipotens
1398 2093 1463 2151 dtau
1475 2093 1565 2150 verbis
1578 2092 1673 2164 incipit
1686 2093 1763 2150 istis:

261 2185 417 2257 insequitur
430 2187 540 2249 sensim,
556 2198 608 2254 qua
623 2182 734 2239 tendere
747 2180 864 2253 prodidit
875 2180 980 2235 bostem

262 2277 376 2333 lentum
391 2276 479 2347 prada
492 2275 581 2345 grauis
595 2292 602 2328 ι
615 2288 730 2343 quorum
739 2271 774 2327 de
787 2278 867 2326 nocte
879 2267 969 2326 silenti

262 2367 383 2438 Corpora
397 2365 534 2437 (condictu
547 2364 611 2419 dunt
626 2365 682 2434 lam
696 2361 850 2432 languentia
862 2359 932 2414 duro

262 2456 367 2524 irrigat,
380 2464 409 2510 et
420 2455 504 2511 iessoa
518 2452 606 2509 dulcis
618 2467 703 2524 sopor
715 2452 807 2520 alligat
819 2448 905 2515 artus)

262 2543 432 2612 Aggreditar‚
446 2544 483 2598 nii
497 2551 639 2597 venturum
652 2541 704 2597 sibl
717 2539 772 2594 tale
780 2544 922 2618 putamen
932 2553 941 2591 r

263 2634 299 2691 Ut
311 2650 372 2690 cum
383 2634 468 2704 islani
478 2635 567 2690 rabies
576 2648 675 2690 resana
687 2635 783 2700 ieonis,

263 2720 292 2778 ln
306 2723 438 2794 pecudum
452 2723 522 2778 saltu
532 2724 682 2793 penetrarit
695 2731 770 2794 septa
784 2723 896 2789 volucri,

263 2811 298 2867 iit
310 2811 390 2867 dente
400 2820 485 2881 atque
497 2811 566 2882 pede
578 2812 723 2876 exanimat,
736 2812 915 2883 cupidumque
924 2813 1038 2870 amandi

263 2901 303 2956 ira
318 2901 414 2957 lumem
426 2911 544 2973 superat,
559 2902 623 2959 dtnn
636 2912 708 2959 meta
721 2904 822 2961 doloris
836 2905 926 2960 acerbi

262 2990 374 3063 lamque
386 2993 481 3049 oribus
495 3008 593 3051 uacuas
605 2992 724 3052 edoceris
736 2994 830 3050 ultima
843 2995 944 3051 caulas.

1134 2181 1182 2238 llle
1194 2194 1245 2250 ego
1258 2196 1317 2238 sum
1330 2181 1401 2239 Deus
1413 2197 1446 2240 ac
1461 2181 1598 2250 boninus,
1610 2183 1657 2254 qui
1672 2190 1751 2254 mque
1768 2191 1886 2249 mosque

1101 2270 1224 2326 ebaldum
1236 2271 1271 2327 de
1283 2280 1364 2340 gente
1374 2271 1434 2339 tuli,
1447 2272 1608 2344 tandemque
1618 2274 1740 2344 pueraria

1101 2358 1348 2432 exsequentium,
1362 2370 1434 2421 tetra
1448 2364 1559 2421 meliore
1570 2365 1673 2431 locavi,

1102 2450 1137 2508 lit
1149 2451 1183 2509 de
1193 2462 1221 2509 te
1233 2451 1339 2522 genius
1348 2453 1462 2524 populus
1471 2469 1548 2511 mens
1559 2469 1623 2511 arra
1635 2457 1715 2513 beata

1100 2538 1213 2608 incolat,
1226 2549 1254 2596 et
1267 2540 1365 2597 seriem
1376 2540 1456 2610 longe
1468 2543 1576 2613 iateque
1584 2552 1724 2615 propaget.

1100 2629 1229 2687 Gentibus
1240 2629 1367 2699 expulsis,
1386 2644 1455 2700 quas
1468 2630 1538 2688 ledo
1551 2645 1644 2691 errem
1657 2641 1798 2706 pareutum

1100 2717 1252 2789 Sacrilegos
1264 2718 1333 2775 ritus
1344 2718 1407 2776 olim
1418 2719 1507 2777 ierem
1517 2720 1632 2792 proieci.

1100 2808 1179 2875 Quod
1191 2810 1396 2867 cunctabundus
1408 2810 1520 2869 εἱεεὶιιεε
1532 2813 1596 2884 quit
1608 2814 1718 2872 medae
1729 2815 1830 2886 dms,

1101 2895 1220 2953 Trimam
1233 2913 1309 2955 sume
1319 2899 1384 2954 milri
1394 2899 1534 2970 torveiam
1544 2900 1634 2958 beate
1642 2902 1796 2973 intrusam,

1100 2986 1167 3045 Cum
1180 3004 1232 3058 qua
1246 3004 1297 3059 par
1308 2990 1386 3049 auoit
1396 2990 1494 3049 maudo
1505 3004 1587 3062 grege
1599 2993 1669 3051 lecta
1684 2996 1797 3066 mpetu,

262 3084 339 3141 ilaud
351 3099 431 3141 secus
443 3085 489 3141 ills
499 3085 583 3141 duces
595 3101 691 3142 somno
710 3087 827 3156 vinoque
840 3085 962 3156 sepultos
1063 3076 1086 3141 C
1102 3076 1299 3150 AEquaelttttlut
1311 3079 1382 3136 tries
1393 3089 1485 3137 1¹⁰⁸lr⁰
1496 3086 1631 3138 immitit
1643 3082 1750 3151 Ιῐῡῠθή,

262 3174 472 3243 Sternanteeque
485 3174 583 3228 Abram
595 3175 726 3246 populos,
741 3189 872 3245 regesque
885 3172 1012 3239 tmeidat,

266 3260 312 3315 Sic
325 3270 416 3317 tamen
428 3270 458 3316 ut
472 3262 561 3317 nulius
573 3263 720 3318 confundat
732 3271 820 3319 eastra
834 3264 972 3318 tumultus.

263 3349 349 3405 Nento
361 3350 473 3418 gradum
486 3354 584 3414 sentit,
598 3352 649 3406 ruisi
661 3368 741 3423 quern
755 3367 831 3407 mens
843 3351 934 3407 delicit
946 3359 975 3408 et
987 3350 1051 3418 tor,

264 3436 348 3494 Nemo
360 3454 456 3497 sonum
467 3440 559 3505 cedis,
573 3441 625 3496 nisi
637 3455 718 3510 quem
731 3456 805 3497 mors
816 3441 926 3504 excitat,
936 3441 1031 3496 audit:

263 3527 399 3597 Sanguine
410 3538 507 3586 cuncta
520 3530 630 3586 madent
641 3548 649 3585 z
662 3531 735 3589 sicco
749 3531 870 3588 rmiuta
882 3545 981 3586 sereno

263 3614 354 3675 Tellus
367 3620 429 3675 tale
440 3619 510 3685 coit,
523 3632 699 3691 gressumque
712 3629 835 3676 morante
848 3634 947 3676 eruore

264 3706 378 3766 Lubrica
391 3710 525 3780 stagnanti
538 3710 655 3765 titubant
666 3710 777 3780 rmtigia
787 3724 894 3781 eampo.

263 3796 318 3855 Nec
331 3807 420 3855 mmen
432 3815 513 3856 omne
524 3799 645 3856 animane
658 3800 752 3869 gladiis
764 3800 900 3857 occumbit
912 3799 1023 3871 apertis,

263 3886 411 3944 Servantur
421 3891 538 3960 preda:
557 3897 632 3946 tanta
643 3899 685 3947 est
697 3890 848 3947 moderatio
860 3890 926 3960 justi

265 3980 388 4046 Victoris.
403 3980 521 4051 reliquos
532 3982 633 4052 sparsit
645 3981 706 4051 luga
719 3983 814 4052 turpis,
829 3991 859 4039 ct
871 3997 950 4053 agros

264 4066 355 4140 Usque
368 4069 548 4127 limans
559 4071 663 4126 instans
675 4070 790 4127 lormido
803 4082 895 4128 secuta
908 4082 960 4129 est.

264 4161 299 4215 lit
309 4161 396 4216 victor
407 4160 475 4215 tanti
484 4159 522 4213 nil
535 4167 626 4214 metm
638 4160 718 4215 laude
731 4161 871 4231 triumphi,

264 4243 448 4318 luterequoa‚
468 4247 654 4319 pecudumque
673 4263 788 4320 greges,
810 4251 993 4323 populumque
1005 4268 1050 4309 re-

873 4341 1014 4415 [ceptum

1102 3166 1182 3224 Casta
1195 3183 1303 3239 quoque
1316 3170 1440 3228 bumana
1453 3178 1541 3228 turtur
1554 3170 1697 3243 mqunma
1710 3175 1851 3233 com

1101 3258 1136 3313 dt
1149 3274 1216 3315 vero
1227 3260 1367 3317 uolucrum
1381 3276 1435 3317 non
1448 3262 1547 3319 sentiat
1558 3264 1647 3320 bestia
1658 3264 1767 3331 larum,

1101 3347 1215 3404 Tantum
1230 3350 1301 3406 inter
1313 3350 1415 3408 medias
1427 3353 1545 3422 pecudes
1555 3353 1706 3412 discludere
1714 3371 1796 3422 ntra,

1101 3436 1173 3506 Quas
1183 3439 1222 3495 sic
1232 3439 1353 3497 diductas
1365 3441 1472 3498 mundis
1481 3442 1638 3514 distinguite
1647 3447 1749 3512 arenis,

1101 3526 1136 3583 Ut
1149 3529 1277 3585 membris
1290 3538 1386 3586 coeant
1396 3531 1555 3590 altrinsecus
1563 3533 1659 3590 emula
1672 3536 1802 3596 membra.

1101 3617 1188 3687 illuit,
1203 3627 1233 3675 at
1246 3619 1291 3676 ille
1303 3620 1352 3678 Dei
1365 3622 1483 3681 monitus
1492 3639 1603 3682 serrmc
1615 3624 1731 3683 libenter

1101 3705 1240 3775 desuetus,
1255 3710 1352 3781 raptim
1364 3721 1492 3782 properat
1503 3714 1629 3771 arandela
1639 3725 1747 3788 patrare
1759 3735 1766 3772 ε

1100 3795 1155 3854 Sed
1167 3813 1227 3853 rrum
1241 3799 1408 3871 dispositam,
1422 3815 1477 3871 quc
1488 3801 1606 3872 iusserat
1617 3804 1721 3871 ordine,
1737 3812 1815 3863 tem

1100 3887 1245 3945 stravisset
1257 3892 1368 3958 seriem,
1383 3892 1472 3949 subito
1486 3908 1581 3951 manus
1591 3895 1690 3965 ingruit
1703 3906 1762 3955 atra

1100 3977 1314 4050 buportuuarum
1327 3981 1444 4051 predam
1457 3983 1586 4040 insectata
1599 3985 1747 4052 rolucmm‚

1101 4070 1166 4137 Quae
1176 4086 1210 4127 ne
1220 4079 1347 4141 motactu
1359 4072 1492 4129 violarent
1501 4088 1578 4129 saera
1588 4075 1714 4146 profano,

1102 4159 1226 4230 Undique
1235 4161 1367 4218 sollicitus
1376 4171 1463 4230 earet,
1478 4172 1506 4220 et
1514 4165 1695 4237 circumspicit
1707 4168 1817 4226 abram.

1102 4249 1155 4306 Sed
1168 4266 1229 4307 cum
1243 4257 1326 4321 opere
1338 4253 1480 4308 attonitum
1494 4263 1581 4323 tanto,
1595 4270 1645 4312 nec
1660 4259 1719 4314 sols
1727 4257 1854 4330 mdeste,

1101 4339 1229 4396 vinceret
1241 4340 1320 4397 cilicii
1332 4341 1418 4398 moles
1432 4350 1486 4398 tam
1499 4357 1595 4414 magna
1607 4350 1708 4419 recepti
1720 4386 1729 4413 ‚

265 4433 317 4483 aut
326 4433 445 4496 raptum,
460 4439 593 4497 gazasque
606 4427 697 4493 larido
710 4442 771 4499 que
780 4430 901 4500 pondero
914 4432 1002 4489 victos
1061 4427 1170 4489 illicce
1182 4430 1258 4500 niger
1270 4440 1368 4499 terror,
1383 4440 1484 4489 tremor
1493 4434 1628 4504 horridus,
1641 4445 1670 4493 et
1679 4452 1762 4508 sopor
1771 4439 1858 4496 intrat

264 4517 438 4587 Victoresque
450 4518 576 4591 merent)
590 4518 629 4574 uil
641 4534 751 4590 prorsus
765 4521 890 4591 concupit
902 4521 999 4577 burum

264 4607 436 4679 llagniileus:
450 4607 500 4667 sed
512 4611 585 4666 euim
596 4618 670 4666 tanta
683 4611 754 4667 inter
767 4610 863 4680 gaudia
876 4612 960 4678 mitis,

265 4697 296 4752 iit
309 4700 400 4755 uarios
411 4699 550 4757 bominum
564 4707 674 4771 reputat
685 4702 736 4757 sub
749 4708 861 4771 pectore
872 4716 961 4767 casus.

263 4784 361 4842 Omnes
375 4789 485 4845 omnino
496 4790 611 4860 predas,
626 4797 655 4847 et
671 4790 856 4860 praeminuerit
894 4784 903 4793 '

264 4877 380 4947 Direptis
392 4879 491 4949 passim
500 4880 617 4953 populis,
630 4881 741 4951 regique
753 4890 890 4939 reservat:

265 4967 321 5023 Nou
333 4967 384 5025 sibi
397 4982 428 5025 se
440 4981 571 5038 pugnasse
585 4969 695 5038 doeens,
711 4970 843 5029 decimam
859 4982 949 5030 musea
959 4973 1039 5032 oden

264 5058 391 5115 iiostibus
404 5074 532 5126 excomm,
550 5075 610 5131 que
620 5078 685 5119 uera
696 5073 738 5120 est
750 5065 848 5130 bestia,
863 5065 961 5137 praedae

264 5147 471 5214 Melchisedech,
485 5150 630 5220 vinumque
643 5162 670 5207 et
680 5168 776 5223 panem
790 5155 825 5210 ab
836 5155 910 5212 caede
923 5170 1033 5212 reverso

264 5238 413 5306 obtulerat,
427 5253 476 5295 rer
489 5239 534 5296 ille
546 5239 647 5310 Salem,
660 5244 707 5312 qui
719 5258 831 5300 munere
844 5245 891 5301 tali

263 5328 374 5401 Mystica
388 5329 516 5400 praemisit
528 5331 625 5387 summi
636 5332 762 5389 libamina
772 5333 872 5390 Christi
884 5353 892 5389 a

263 5421 346 5490 Cujus
358 5419 392 5476 de
402 5421 526 5477 manibus
537 5436 647 5479 sumeris
659 5421 777 5479 Fcoieda
791 5438 891 5495 corpus

263 5509 403 5567 ibrilicum
416 5524 522 5583 panem,
541 5511 644 5569 ooelesti
656 5520 723 5583 pota
736 5528 833 5569 cruore
842 5524 894 5570 est.

263 5598 297 5653 alt
309 5615 373 5656 uero
386 5601 477 5657 hostili
488 5601 645 5658 redeuntem
658 5618 675 5659 e
686 5600 778 5657 lunera
793 5603 892 5660 lassum

263 5685 438 5759 omnipotens
450 5693 540 5751 verbis
551 5693 654 5751 solatur
666 5694 762 5752 talibus
775 5695 884 5752 Abram.

1104 4517 1200 4574 Nuntia
1210 4519 1284 4589 iussa
1294 4520 1391 4589 tereus.
1406 4531 1570 4595 venturaque
1581 4527 1677 4583 recula
1688 4527 1817 4586 sermm.

1103 4605 1204 4674 Credo.
1219 4608 1359 4667 videbatur
1371 4619 1476 4680 septmu
1488 4613 1539 4669 sibi
1552 4630 1664 4673 eernere
1675 4616 1765 4675 Mum

1105 4697 1206 4756 Ebree
1218 4703 1307 4770 gentis
1318 4703 1432 4773 populo,
1446 4720 1575 4776 serosque
1588 4719 1710 4779 nepotes,

1083 4794 1085 4801 '
1104 4788 1280 4862 ingentesque
1292 4809 1372 4864 supra
1384 4811 1524 4851 nummum
1535 4812 1701 4868 cognoscere
1715 4802 1829 4859 narbas:

1104 4880 1168 4938 lnde
1180 4892 1268 4940 truces
1280 4893 1377 4952 motus,
1391 4885 1559 4959 deductaque
1570 4898 1659 4946 castra
1670 4907 1791 4962 suoram,

1101 4968 1297 5029 Transmissum
1311 4974 1421 5044 pelagius
1429 4976 1503 5031 sicco
1513 4976 1591 5046 pede,
1601 4992 1691 5037 mersa
1703 4978 1842 5049 pariundo

1101 5069 1224 5139 agmina,
1238 5071 1403 5141 naulmgium
1418 5074 1563 5132 murliacum
1577 5076 1663 5133 classe
1674 5087 1810 5149 mortuus,

1101 5156 1266 5230 Ereptosque
1279 5162 1347 5217 mari
1357 5160 1476 5231 Ebreos,
1486 5163 1583 5222 &binc
1597 5175 1653 5221 tota
1662 5167 1748 5225 beatae

1102 5247 1194 5316 Regna
1208 5248 1356 5307 Patastmae
1370 5255 1469 5324 pupulo
1482 5255 1602 5324 paterime
1615 5273 1735 5314 reverso.

1139 5338 1247 5397 Talibus
1260 5342 1375 5399 attonito
1389 5344 1452 5399 visis
1464 5359 1519 5400 noo
1534 5346 1619 5403 deluit
1629 5348 1717 5404 ssmrts

1102 5427 1236 5498 lnmrpros
1248 5447 1255 5482 t
1269 5427 1411 5487 Praeoosoe
1424 5440 1493 5498 tuos,
1505 5433 1681 5506 sobolemque
1698 5446 1817 5505 tuorum,

1102 5518 1199 5587 lnquit,
1210 5519 1236 5573 in
1247 5521 1366 5575 externis
1379 5536 1428 5591 per
1440 5522 1536 5579 meula
1546 5534 1676 5592 quattuor
1689 5529 1760 5597 agris

1102 5609 1193 5665 Niliaci
1208 5610 1279 5667 iliius
1289 5627 1426 5669 sensuram
1439 5612 1496 5667 dira
1506 5617 1614 5684 tyranni

1101 5700 1213 5768 imperia
1226 5709 1273 5767 ;at
1282 5716 1342 5757 cum
1357 5710 1397 5757 tot
1408 5704 1549 5774 peregrina
1562 5707 1712 5779 expiaverit
1724 5724 1822 5772 sunus
