4034 6184
1425 251 1520 312 DE
1553 250 1717 311 VITA
1749 249 1816 312 S.
1846 245 2140 309 ΙΔΒΊΊΝΙ
2171 246 2303 306 Lm.
2339 245 2384 303 Ι.

3397 239 3560 309 1010,

288 368 485 443 inpius
532 367 794 444 prodiret,
838 383 872 425 a
907 365 1098 426 iurato
1138 365 1371 439 primum
1414 360 1619 423 editum
1661 359 1862 429 Paris..
1886 364 1940 425 Α
1961 373 2261 431 caretquae
2292 355 2412 414 salsi
2455 355 2661 414 crimen
2697 353 3043 413 admiserant.
3070 352 3208 423 Quid
3244 357 3423 412 enlm?
3446 355 3538 411 vix

286 458 465 533 1585,
509 460 636 518 dein
677 461 734 517 in
775 456 1120 515 Bibliotbccis
1166 454 1316 514 Patr.
1362 451 1753 519 Parisiensibus
1794 464 1865 509 ac

287 552 619 617 Coloniensi,
641 551 699 609 in
711 548 1006 624 appendice
1015 547 1307 619 Bigncana,
1316 562 1373 618 p.
1385 543 1512 614 852,
1525 542 1751 614 aliisque
1763 554 1865 599 ve-

287 653 466 702 terum
491 651 773 716 poetarum
797 640 1225 699 Christianorum
1268 636 1693 695 collectionibus.
1723 632 1866 690 Pau-

286 738 403 796 lino
425 736 643 795 demum
669 732 1079 794 Petricordiensi
1105 731 1415 790 restitutum
1453 728 1655 802 prodiit
1691 727 1749 785 in
1774 725 1865 784 Bi·

286 827 561 887 bliotheca
575 825 724 882 Patr.
749 823 1044 883 novissima
1069 829 1205 881 tom.
1231 820 1322 890 vi,
1346 833 1470 894 pag.
1493 818 1620 885 29¹1,
1641 824 1698 875 ct
1712 830 1868 875 seor-

282 919 392 982 sim
416 934 450 976 a
474 916 784 975 Christiano
825 915 1051 973 Daumio
1077 930 1186 974 una
1225 929 1350 972 cum
1389 912 1480 970 Fr.
1505 910 1678 968 Jureti
1701 908 1867 968 Gom-

285 1008 591 1080 tnntari‘n,
615 1007 782 1081 Casp.
810 1006 1019 1064 Bartbii
1045 1003 1619 1073 animadversionibus,
1656 999 1742 1059 Jo.
1769 999 1861 1057 Fr.

285 1103 547 1164 Gronovil
584 1101 749 1170 notls,
794 1114 1004 1172 suoque
1047 1106 1297 1156 notarum
1335 1094 1622 1169 Spicilessio
1661 1093 1866 1153 editum

286 1193 502 1268 Lipsiae,
528 1191 690 1260 1686,
708 1191 879 1250 izi-8⁰.
907 1189 1081 1249 Porro
1106 1197 1286 1248 exstat
1303 1186 1513 1246 Paulini
1540 1186 1712 1245 nostri
1735 1183 1866 1241 Car-

287 1306 408 1347 ae·
445 1286 846 1353 masuam,
891 1285 958 1342 de
991 1283 1304 1342 visitatione
1328 1280 1560 1356 nepotuli
1581 1281 1692 1347 sui,
1730 1278 1867 1336 Vitoe

286 1381 459 1439 moa
479 1377 699 1436 Martini
725 1375 966 1451 maj-ayt
991 1375 1221 1445 solium
1249 1381 1309 1431 et
1332 1372 1439 1430 alia
1462 1370 1708 1444 quadam
1728 1388 1860 1440 upu-

286 1471 561 1532 aculorum
601 1468 1001 1541 deperditarum
1045 1465 1367 1536 rnamenta,
1415 1477 1536 1535 qua
1561 1461 1760 1518 ibidem
1780 1476 1864 1516 re-

288 1563 587 1639 periuntur.
603 1559 870 1619 emeram
882 1556 1165 1615 Paulinum
1189 1553 1478 1628 quemdam
1489 1551 1868 1611 Petricoriensi

288 1663 480 1714 nostro
496 1652 760 1726 aequalem
784 1659 1053 1708 memorat
1061 1647 1370 1707 Gennadius
1383 1645 1489 1721 (De
1499 1644 1695 1719 script.
1711 1644 1860 1700 Eccl.

1961 467 2103 510 unus
2127 451 2219 510 bic
2241 464 2432 508 versus
2462 447 2673 506 exstitit
2689 446 2820 519 quin
2847 459 3069 504 eversus
3089 464 3105 503 z
3127 445 3388 504 orationis
3422 445 3545 517 plus

1958 551 2082 602 erat
2103 557 2267 615 qnam
2291 540 2553 599 rationis:
2575 540 2839 597 nutabant
2876 536 3111 611 syllabae,
3141 522 3398 597 nutabant
3415 553 3540 593 ver-

1959 637 2066 707 ba;
2093 651 2217 694 cum
2242 633 2470 709 pedibus
2494 633 2699 691 claudis
2724 631 2856 688 nihil
2883 646 3104 703 prorsus
3139 632 3336 690 stabat.
3388 630 3549 687 Deni-

1960 742 2070 801 que
2093 726 2185 784 vix
2206 739 2401 784 sensus
2424 723 2564 780 ullus
2580 721 2713 794 quin
2735 720 2914 778 nullus
2929 758 2947 789 ,
2973 727 3035 776 ut
3059 726 3195 790 quot
3216 703 3433 788 uitem,
3461 727 3544 776 tot

1959 819 2138 878 liturae
2185 818 2368 891 potius
2408 814 2738 873 viderentur.
2785 812 2982 882 Credo,
3028 812 3203 870 voluit
3243 812 3548 884 descriptor
3611 806 3615 817 '

1959 918 2179 986 poetam
2216 909 2320 969 sibi
2352 907 2410 967 in
2435 908 2685 967 omnibus
2710 908 2827 966 fleri
2850 909 3103 967 similem.
3133 906 3208 964 Ut
3229 906 3377 966 enim
3403 905 3544 963 Pau-

1961 1003 2105 1062 linus
2127 1001 2255 1058 dum
2293 1000 2461 1070 vixit,
2502 998 2750 1058 maximis
2794 997 3022 1056 fortunas
3058 998 3254 1073 opibus
3296 997 3543 1070 abiectis.

1959 1108 2061 1152 sua
2088 1092 2317 1166 ipsemet
2338 1087 2597 1163 proludit,
2646 1087 2819 1146 factm
2860 1088 3114 1160 inopibus
3162 1087 3332 1153 dives,
3384 1087 3546 1158 inops

1960 1184 2066 1244 sibi
2086 1183 2242 1241 diviti
2264 1199 2280 1239 ε
2302 1181 2384 1240 sic
2407 1179 2657 1238 librarius
2674 1179 2730 1236 in
2753 1177 2961 1234 Paulini
2988 1176 3203 1248 scriptis
3222 1175 3391 1236 novas
3408 1189 3545 1248 opes

1960 1274 2098 1333 vidit
2120 1283 2178 1332 et
2199 1271 2359 1331 simul
2382 1269 2591 1330 invidit.
2616 1269 2806 1342 ltaque
2832 1268 3068 1342 prodidit
3092 1275 3150 1324 et
3173 1266 3428 1340 perdidit,
3447 1266 3546 1338 qui

1964 1368 2188 1420 timebat
2217 1380 2285 1420 ne
2313 1364 2597 1420 [luminum
2629 1359 2959 1432 proderent,
3002 1372 3074 1416 ne
3099 1356 3407 1430 perderent.
3435 1356 3547 1414 Sed

1964 1456 2068 1512 baa:
2088 1456 2397 1524 *af-qualitate
2425 1456 2553 1524 quid
2581 1448 2937 1522 inaequalius?
2956 1446 3233 1519 Abjeeerit
3256 1445 3386 1502 olim
3413 1443 3548 1502 Pau-

1964 1548 2104 1604 linus
2128 1548 2265 1600 huna.
2289 1544 2533 1608 sui-tunm,
2569 1544 2756 1599 volens
2774 1546 2833 1597 et
2851 1537 3101 1595 consulto
3122 1536 3370 1594 consilio.
3382 1534 3551 1593 Bonis

1964 1638 2180 1712 quidem
2209 1636 2425 1704 ingenii.
2457 1632 2653 1688 libellis
2678 1629 2802 1688 dico
2824 1627 2958 1695 suis,
2979 1642 3090 1684 non
3109 1626 3214 1684 nisi
3238 1625 3441 1683 invitus
3457 1639 3551 1682 ca·

286 1765 339 1807 c.
360 1746 484 1822 68„
510 1745 607 1817 qui
630 1742 936 1816 composuit
956 1748 1217 1799 tractatus
1235 1739 1442 1812 aliquot
1457 1738 1528 1796 de
1544 1737 1702 1796 initio
1724 1736 1860 1808 Qua—
1892 1732 1944 1792 B
1964 1744 2088 1788 rere
2112 1736 2313 1800 puteat.
2341 1724 2437 1780 ilia
2465 1724 2605 1780 enim
2633 1734 2733 1792 pro
2758 1718 2972 1777 stolidis
2996 1716 3180 1784 duxit,
3207 1715 3310 1772 ista
3330 1729 3433 1787 pro
3457 1728 3550 1771 so-

287 1837 624 1911 dragesimae,
652 1835 730 1893 de.
747 1833 845 1893 Die
870 1832 1144 1891 dominico
1168 1830 1413 1901 Paschae,
1437 1829 1508 1890 de
1527 1826 1864 1896 obediemia,

289 1928 360 1989 de
385 1926 730 1994 Poenltentia,
776 1933 836 1983 et
858 1923 929 1982 de
950 1921 1264 1996 Neophytis.
1309 1919 1389 1979 Ex
1420 1919 1692 1993 opusculis
1728 1920 1864 1984 istis,

290 2020 674 2094 suinumque
712 2017 927 2076 deinum
954 2014 1169 2073 Paulini
1183 2013 1408 2080 fuerint,
1458 2013 1536 2070 nil
1573 2012 1736 2072 bodie
1776 2032 1868 2068 su-

466 2198 857 2260 Annorum
888 2199 959 2258 m
989 2196 1391 2270 smumsss
1424 2195 1687 2256 unitos.

365 2294 478 2354 Sex
495 2294 586 2353 isti
610 2294 734 2351 libri
759 2292 829 2351 de
852 2291 976 2349 Vita
1010 2291 1070 2349 S.
1095 2289 1310 2348 Bar-tini
1348 2306 1460 2348 non
1502 2298 1628 2346 sunt
1664 2287 1868 2344 Paulini

291 2386 509 2454 Nolani,
531 2383 632 2442 sed
650 2382 861 2441 Paulini
888 2380 1235 2451 Petrioordii,
1261 2381 1356 2454 qul
1384 2381 1456 2437 5⁰
1480 2380 1697 2438 circiter
1716 2380 1872 2436 alnis

294 2478 430 2537 vixit
477 2477 547 2536 ab
585 2476 746 2535 obitu
786 2474 1003 2546 Nolani,
1048 2488 1293 2547 opusque
1317 2471 1453 2531 illud
1494 2488 1652 2530 suum
1675 2472 1876 2530 dicavit

296 2569 565 2644 Perpetuo
585 2567 886 2627 Turonensi
908 2566 1314 2639 archiepiscopo
1333 2565 1428 2637 qui
1451 2563 1670 2638 praefuit
1697 2562 1878 2621 conci-

295 2662 371 2720 lio
397 2659 701 2719 Turonensi
734 2672 882 2716 anno
931 2656 1058 2714 tsi).
1106 2655 1243 2715 Vide
1285 2662 1444 2713 notas
1483 2651 1757 2713 Sirmondi
1804 2651 1875 2712 ad

296 2751 574 2827 epistolam
600 2749 663 2807 11
694 2749 818 2808 libri
835 2764 932 2807 vm
956 2747 1162 2806 Sidonii
1181 2744 1523 2819 Apollinaris.

846 2833 1331 2897 numantinus

433 2950 509 2994 nu
539 2947 911 2994 narramus
944 2943 1365 2990 necessust-ms
1397 2942 1453 2996 nt
1486 2942 1738 2988 animas

926 3037 1054 3082 am
1088 3021 1246 3080 1617.

1968 1820 2108 1876 lidia.
2132 1816 2249 1888 Ego
2269 1828 2401 1872 veru
2425 1812 2565 1868 ferre
2597 1824 2697 1868 nuc
2720 1808 2902 1875 debui,
2932 1821 3035 1864 nec
3057 1804 3205 1862 volui
3230 1803 3432 1860 nudum
3457 1809 3549 1858 to-

1968 1912 2068 1968 ties
2092 1908 2369 1964 denudari.
2397 1904 2573 1976 Quare
2601 1915 2729 1961 naus
2758 1898 2962 1973 iudicio
2976 1895 3180 1956 veteris
3220 1894 3299 1951 tui
3324 1892 3548 1960 codicis,
3582 1938 3596 1948 .

1968 2004 2188 2072 vestigia
2209 2016 2385 2056 rarum
2413 1998 2729 2052 amissarum
2755 1995 3074 2065 persecutus
3099 2002 3250 2055 sum,
3296 1993 3354 2041 et
3378 1983 3551 2039 multa

1968 2096 2209 2152 detracta
2253 2088 2473 2144 Paulina
2505 2088 2719 2142 tandem
2741 2081 2971 2150 reddidi,
3016 2077 3200 2137 omnia
3242 2074 3551 2134 redditurus

1972 2192 2285 2244 ornamenta
2341 2184 2389 2236 ai
2437 2180 2661 2236 alterum
2718 2173 2998 2246 exemplar
3046 2170 3286 2228 affuisset
3328 2167 3549 2224 auxilio.

1972 2280 2140 2348 Spem
2168 2284 2369 2340 tamen,
2397 2272 2633 2336 Pithffle,
2677 2266 2916 2325 futurum
2959 2261 3250 2337 aliquando
3296 2258 3557 2332 singulari

1976 2384 2064 2428 tua
2092 2367 2381 2436 diligentia.
2425 2372 2485 2416 ut
2529 2358 2822 2416 secundum
2863 2355 3142 2426 exemplar
3164 2351 3414 2419 babeam,
3442 2364 3554 2421 qun

1970 2459 2143 2535 possit
2169 2457 2330 2530 plane
2354 2452 2566 2512 restitui
2600 2451 2658 2508 in
2692 2448 2980 2519 integrum.
3011 2444 3145 2501 Nam
3173 2457 3273 2500 cur
3313 2443 3418 2497 boc
3443 2454 3554 2495 non

1971 2563 2206 2625 sperem,
2234 2546 2329 2620 qui
2353 2543 2589 2603 boci'ato
2616 2548 2774 2598 natus
2800 2553 2885 2608 es,
2903 2545 2966 2594 ut
2987 2543 3234 2593 veterum
3264 2532 3431 2588 libros
3459 2545 3553 2587 sa·

1972 2643 2179 2716 gaclter
2199 2651 2433 2712 quaeras,
2469 2633 2723 2707 quaesitos
2749 2628 2979 2688 ieiiciter
3018 2625 3282 2699 reperias,
3307 2629 3555 2695 repertos

1972 2735 2206 2805 benigue
2224 2728 2479 2789 studiosis
2496 2721 2900 2784 communices?
2921 2718 3095 2791 Perge
3121 2716 3305 2788 igitur,
3343 2729 3443 2771 oro
3475 2720 3554 2778 te.

1975 2843 2141 2903 perge
2166 2824 2438 2890 alacriter,
2466 2827 2525 2879 et
2566 2817 2777 2878 Paulini
2814 2822 3039 2875 aeteras
3063 2811 3320 2883 reliquias
3345 2824 3379 2867 e
3404 2816 3559 2866 tene-

1974 2923 2090 2983 bris
2132 2932 2283 2978 erue.
2319 2914 2413 2974 Sic
2457 2913 2603 2972 enim
2628 2924 2842 2969 sacrum
2885 2913 3066 2964 vatem
3099 2901 3438 2970 babebimus,
3462 2898 3559 2970 qni

1977 3015 2150 3088 lyram
2173 3015 2419 3083 argutam
2444 3003 2719 3089 manibus,
2738 2999 2833 3072 qui
2858 2996 3022 3055 fronti
3048 2993 3313 3067 pallentes
3330 2990 3565 3048 hederas

369 3116 516 3176 Libri
557 3131 659 3175 sex
700 3116 772 3173 de
793 3115 917 3173 Vita
959 3113 1021 3173 S.
1073 3113 1291 3172 Martini
1339 3128 1453 3173 non
1487 3118 1715 3187 possunt
1757 3124 1880 3170 esse
1902 3101 1953 3169 C
1980 3115 2040 3166 et
2061 3105 2244 3163 lauros
2276 3100 2665 3160 revirescentes
2689 3087 3011 3167 palmasque
3038 3086 3379 3146 lemniscatas
3415 3080 3556 3138 reci-

300 3211 359 3270 3.
388 3208 599 3273 Paulini
622 3209 846 3280 Nolanig
873 3216 1066 3267 auctor
1090 3208 1238 3266 enim
1263 3221 1455 3266 corum
1481 3206 1741 3264 librorum
1762 3218 1878 3262 me-

301 3303 459 3361 minit
501 3300 710 3359 Paulini
748 3299 960 3370 Nolani,
991 3307 1049 3358 et
1088 3314 1152 3358 se
1190 3298 1436 3373 eiusdem
1481 3297 1715 3356 nominis
1755 3309 1880 3354 esse

302 3401 549 3463 testatur,
578 3401 634 3451 et
658 3400 872 3451 sextum
899 3391 1094 3450 librum
1112 3390 1300 3448 scribit
1323 3389 1395 3448 ad
1420 3388 1744 3463 Perpetuam
1769 3386 1879 3445 Tu-

304 3499 591 3543 rotensem
614 3483 948 3558 episcopum,
977 3483 1073 3556 qui
1099 3481 1241 3540 sedit
1257 3481 1359 3539 sub
1384 3494 1585 3538 annum
1612 3479 1736 3537 47⁰.

713 3571 1134 3633 FRANCISCUS
1166 3570 1476 3630 mamus

503 3681 677 3725 rarae
711 3681 929 3724 rrraoeo
964 3681 1003 3723 ι.
1040 3680 1092 3723 c.
1133 3676 1593 3721 raaesrsnriesnuo
1627 3675 1677 3718 s.

379 3757 587 3816 Paulini
613 3758 779 3815 libros
816 3757 886 3816 de
900 3756 1026 3814 Vita
1056 3763 1114 3813 et
1137 3754 1316 3813 Gestis
1338 3754 1448 3811 divi
1493 3751 1709 3811 Martini
1743 3765 1882 3824 quos

306 3851 378 3909 ad
405 3866 492 3910 me
519 3865 665 3909 nunc
706 3864 880 3923 nuper
917 3847 1133 3920 misisti,
1172 3846 1384 3906 Pitboee
1420 3845 1878 3920 praestantissime,

306 3942 412 4013 legi
439 3957 565 4000 cum
589 3939 865 4013 voluptate
889 3954 1120 4012 cumque
1143 3934 1748 4012 stomachorvoluptati
1783 3936 1884 3996 fuit

307 4030 631 4090 sanctissimi
650 4029 1053 4102 doctissimique
1069 4020 1245 4104 poetae
1265 4030 1524 4088 memoria
1538 4071 1556 4101 ,
1587 4038 1644 4088 ct
1683 4030 1887 4101 ingenii

309 4125 509 4182 tabulae
532 4132 785 4197 tanquam
809 4139 843 4183 e
869 4123 1149 4198 naufragio
1166 4125 1520 4198 superstites:
1549 4123 1884 4182 stomachum

309 4216 481 4274 movit
517 4215 830 4274 innumerus
871 4215 1188 4274 mendorum
1236 4225 1294 4274 et
1314 4230 1557 4274 errorum
1599 4229 1852 4272 numerus
1867 4253 1885 4283 ,

307 4307 507 4380 quibus
531 4306 672 4366 adeo
706 4306 925 4377 indigne
957 4307 1284 4365 membranae
1325 4315 1612 4379 corruptae,
1643 4314 1704 4363 ut
1744 4305 1888 4363 inter

1975 3198 2108 3272 piet.
2130 3193 2214 3252 Ad
2235 3205 2327 3250 me
2350 3189 2495 3262 quod
2521 3186 2736 3252 attinet,
2761 3182 3029 3256 praestabo
3052 3191 3217 3251 quam
3235 3174 3419 3233 licebit
3434 3186 3560 3244 ope-

1978 3305 2095 3348 ram
2117 3283 2417 3346 istiusmodi
2442 3279 2814 3354 scriptoribus,
2844 3275 2899 3332 in
2937 3272 3132 3347 quibus
3160 3269 3265 3328 etsi
3300 3269 3561 3326 hactenus

1979 3380 2073 3439 alii
2097 3378 2432 3445 laborarunt,
2460 3388 2569 3431 non
2596 3384 2771 3444 pauca
2795 3376 2976 3425 tamen
3018 3360 3329 3434 castiganda
3371 3373 3562 3431 super-

1977 3481 2108 3534 sunt
2132 3490 2147 3529 :
2170 3480 2232 3529 ut
2254 3486 2366 3529 non
2390 3467 2637 3525 videatur
2655 3471 2835 3520 actum
2876 3472 3037 3530 agere
3054 3456 3147 3529 qui
3170 3452 3316 3527 quod
3337 3460 3563 3521 egerunt

1984 3568 2181 3626 iterum
2202 3571 2327 3635 aget
2351 3558 2557 3619 sedulo.
2584 3556 2663 3613 De
2688 3551 2910 3623 singulis
2936 3548 3090 3606 alias.
3118 3545 3271 3602 Nunc
3307 3543 3377 3600 de
3417 3540 3559 3596 Pau-

1984 3659 2121 3727 lino,
2159 3669 2321 3728 quem
2348 3650 2456 3707 tuis
2477 3659 2739 3706 comecro
2764 3639 3068 3707 virtutibus,
3109 3633 3325 3707 quando
3359 3630 3563 3705 placuit

1985 3762 2151 3807 unum
2177 3744 2263 3804 vel
2291 3742 2519 3799 alterum
2558 3750 2593 3793 e
2618 3746 2845 3792 numero
2870 3729 3043 3800 seligi,
3071 3726 3166 3798 qui
3201 3723 3394 3782 subeat
3418 3719 3563 3792 judi·

1985 3840 2195 3899 ciorum
2221 3834 2416 3892 aleam.
2441 3828 2617 3887 Tuum
2643 3825 2766 3892 erit,
2793 3822 3033 3888 Pitboee,
3071 3831 3288 3874 manum
3313 3812 3564 3872 redeunti

1985 3931 2284 4006 porrigere,
2312 3933 2370 3984 et
2385 3923 2622 3982 molliter
2655 3915 2950 3991 amplexari
2965 3912 3256 3984 hospitem,
3274 3908 3368 3982 qui
3389 3906 3564 3964 nudus

1985 4033 2044 4083 et
2062 4020 2303 4096 hispidus
2330 4032 2363 4074 a
2387 4024 2443 4073 te
2466 4013 2682 4081 missus,
2712 4025 2745 4066 a
2767 4022 2859 4066 me
2897 4003 3157 4063 remissus
3181 4015 3304 4058 cum
3332 3997 3478 4056 cultu
3505 4005 3564 4054 ct

1984 4117 2181 4184 nitore,
2209 4108 2446 4186 prodibit
2469 4103 2783 4173 audentius,
2824 4100 2872 4157 si
2896 4096 3137 4155 habitum
3159 4099 3219 4151 et
3244 4090 3436 4148 faciem
3460 4103 3563 4145 no·

1983 4225 2109 4268 vam
2137 4209 2193 4265 in
2218 4204 2313 4262 illo
2338 4197 2672 4275 probaveris.
2702 4194 2855 4260 Vale,
2896 4189 2983 4248 vir
3005 4183 3480 4260 paestanussimet
3508 4187 3565 4236 et

1983 4316 2110 4361 cum
2137 4297 2410 4358 studiosos
2436 4301 2587 4349 ames
2609 4287 2739 4360 quia
2776 4285 3075 4349 merentur,
3100 4290 3223 4336 ama
3248 4288 3338 4332 me
3362 4279 3425 4331 ut
3449 4283 3566 4329 me-

309 4398 595 4470 lessendum
619 4398 936 4470 saepiuscule
960 4397 1164 4456 librarii
1188 4396 1434 4454 manibus
1453 4411 1668 4470 poenam
1693 4395 1887 4470 impre-
1908 4427 1965 4497 Β
1982 4407 2125 4452 rear.
2155 4388 2278 4446 Dat.
2303 4385 2408 4445 cal.
2435 4382 2552 4452 «lul.-
2573 4377 2734 4437 1585.

1434 4586 1611 4700 Β.
1671 4573 2439 4699 uuum!

793 4771 1036 4900 DE
1116 4771 1523 4911 VITA
1601 4764 2231 4897 SANCTI
2326 4754 2795 4884 MART
2808 4748 3048 4876 INI

1661 4958 1927 5043 LIBRI
1971 4957 2185 5039 SEX.

1791 5105 2087 5126 -a——

1445 5210 1824 5318 LIBER
1853 5196 2420 5396 ‘PRIMUS-

385 5464 672 5541 Sparsent
691 5464 748 5522 in
769 5471 887 5522 toto
912 5463 1095 5525 lumen
1119 5460 1428 5521 venerabile
1448 5461 1649 5520 mundo

320 5557 565 5616 Christus
590 5555 898 5627 Evangelici
916 5569 1164 5614 reserans
1181 5553 1433 5627 mysteria
1454 5553 1628 5624 regni.

320 5647 428 5705 Sed
454 5647 580 5720 qnia
601 5663 711 5706 non
733 5660 924 5704 omnes
947 5646 1205 5704 virtutum
1230 5646 1473 5718 operatio
1498 5655 1689 5714 gentes

323 5740 583 5814 Reverat,
610 5751 668 5801 et
690 5738 864 5813 lragili
889 5738 1195 5798 dubitarent
1221 5736 1440 5796 credere
1463 5751 1628 5794 sensu

1994 5454 2263 5528 Quidquid
2288 5453 2358 5512 ab
2373 5450 2589 5511 eternis
2610 5447 2882 5521 vulgasset
2907 5443 3124 5502 nuntius
3146 5441 3277 5506 oris,

1995 5548 2151 5621 (Nam
2174 5546 2354 5605 verbis
2378 5552 2655 5618 comperta
2681 5548 2901 5600 movent
2920 5534 3204 5611 praesentia
3227 5531 3409 5614 rebus,

1996 5641 2301 5698 Suadentur
2317 5655 2427 5697 non
2443 5639 2561 5695 visa
2586 5635 2825 5708 quidem,
2850 5630 2948 5689 sed
2970 5630 3081 5686 visa
3107 5622 3458 5700 probantur.)

1999 5730 2095 5790 ille
2120 5743 2252 5801 ergo
2275 5730 2333 5788 in
2359 5736 2531 5787 totum
2558 5726 2644 5786 cui
2670 5740 2771 5798 par
2797 5720 3069 5779 miseratio
3096 5717 3388 5787 mundum..
