4034 6184
256 253 327 310 tons

817 253 848 310 lt.
868 254 1006 315 Psbtttll
1025 254 1327 316 rttbtcosotsbsts

1822 260 1891 316 lbtt

257 368 338 428 lnsita
350 368 514 427 moaendens
523 366 702 432 stomachum,
717 368 806 437 κηρὶς
819 368 890 426 unda
901 369 1029 440 pavoris,
1060 373 1085 434 A
1099 366 1210 426 llunera
1222 369 1264 426 sie
1273 370 1371 426 merito
1384 365 1514 425 festinans
1523 364 1637 425 reddero
1647 374 1753 435 sonmo,

255 454 304 515 llla
317 458 352 515 ad
360 459 479 516 ricinum
492 457 628 530 pallebam
636 465 731 514 mmma
740 456 855 514 cadauer

255 548 377 621 Corpora
386 546 551 605 seminecum
562 554 686 617 aequata,
701 554 730 602 at
740 547 835 604 iuuere
844 548 892 604 tali

256 636 379 694 llnsdor
387 635 512 708 exemplo
521 636 683 692 morientum
697 637 774 692 turba
785 636 911 708 pavebat.

256 735 306 783 ast
316 726 360 782 alli
372 726 513 783 exanimes
525 726 613 781 saltim
623 725 779 796 mntlrnqore
791 740 870 783 caros

258 815 351 874 Officio
362 817 454 874 miseri
463 816 574 872 nimium
584 815 735 888 trepidante
746 816 875 872 timebant

230 935 235 945 ·
256 909 297 965 ile
309 908 429 980 dispersa
443 921 539 979 graues
550 915 672 963 sorerem
684 907 807 977 mutaqia
820 908 938 965 morbos.

256 999 313 1057 llos
325 1007 415 1056 metus
422 999 554 1069 obsequio
565 998 745 1062 subtraxerat,
756 1005 784 1053 at
798 997 877 1056 dolor
887 999 941 1056 illis

256 1089 367 1147 Vbcera
376 1090 517 1161 multiplici
527 1097 717 1160 prestruxerat
725 1090 804 1145 auxia
814 1090 901 1159 luotu3

227 1182 230 1189 ’
257 1179 293 1235 At
305 1180 351 1251 qui
361 1179 505 1252 postremis
512 1178 690 1235 tumulassent
702 1179 822 1235 membra
835 1179 965 1251 sepulcris

256 1268 337 1325 llilati
351 1269 385 1324 ad
399 1268 513 1324 similem
525 1282 580 1323 non
592 1267 673 1337 longo
686 1275 808 1339 tempore
817 1276 934 1325 mortem

256 1360 405 1417 Portabant
416 1359 515 1430 pariles
527 1358 562 1414 ad
574 1358 666 1414 limina
678 1358 766 1415 tristia
775 1359 896 1416 morbos.

255 1451 298 1508 llll
311 1450 422 1508 modies
431 1450 541 1507 valuere
550 1465 655 1513 manus,
667 1449 705 1506 nil
716 1451 837 1521 gramina
850 1451 947 1518 mods,

256 1542 335 1614 Seps
346 1543 403 1599 suis
417 1555 529 1611 magnas
540 1539 713 1611 languentum
722 1551 833 1614 operata
845 1543 983 1602 medellas.

254 1632 315 1689 'lali
324 1633 407 1703 lqitor
418 1632 543 1689 domiuus
552 1631 680 1690 enisus
693 1633 771 1691 clade
781 1650 906 1704 suorum,

256 1721 418 1793 llilllsusquo
428 1722 485 1778 suis
498 1722 634 1792 precibus,
648 1722 873 1795 placarelaborat

253 1812 386 1882 snmaain
398 1812 485 1870 mucci
498 1811 651 1882 bominum,
665 1813 816 1884 meritoque
827 1816 935 1886 patrum

253 1904 382 1977 Alleqans
392 1904 533 1976 querelem
547 1904 664 1962 llartirto
683 1905 831 1978 interprete
842 1906 956 1964 ebdom.

252 1994 305 2063 Qui
318 2007 472 2066 quanquam
483 2008 555 2051 eure
565 1994 621 2065 iam
636 1994 700 2053 lasso
711 1994 805 2067 judice
816 2011 905 2054 causas

252 2082 305 2139 Per
314 2082 425 2138 nimium
436 2083 552 2139 sentiret
561 2098 642 2150 onus,
655 2085 840 2142 emonensis
853 2086 973 2146 clemens

251 2172 376 2231 Sollicito
388 2172 486 2230 adesto
498 2174 636 2245 poscentis
646 2183 710 2231 rom
724 2177 846 2247 recepit:

251 2262 308 2320 Nec
320 2262 395 2335 prius
407 2264 514 2321 absistit
524 2263 582 2335 juni
595 2266 715 2323 cruciata
728 2266 822 2325 labore

252 2350 395 2410 Proterere
403 2352 542 2410 exhaustis
550 2354 654 2411 menda
667 2355 787 2413 membra
800 2356 933 2427 modullis,

250 2438 286 2495 lit
298 2456 385 2512 prono
395 2441 490 2499 duram
504 2443 628 2499 tellurem
639 2444 740 2502 elidere
749 2447 822 2512 ubo,

250 2531 364 2588 Assumo
374 2531 487 2602 adjectis
497 2534 636 2604 duplicans
647 2535 749 2605 ieiunia
763 2536 865 2607 poenb,

250 2619 307 2676 Nec
319 2621 394 2677 lenm
407 2621 497 2677 saltim
509 2623 673 2680 concludens
684 2625 785 2682 lumina
799 2642 897 2685 somno

249 2709 365 2770 bream
385 2710 526 2769 stimulans
537 2720 629 2771 setoso
641 2714 742 2773 vellere
754 2733 880 2787 carnem;

250 2799 336 2867 Quam
349 2800 479 2859 Dominus
492 2803 561 2860 tani
573 2804 664 2861 studio
676 2816 813 2877 permotus
826 2811 914 2879 amici,

248 2888 337 2947 Finita
351 2891 460 2949 tandem
473 2893 580 2965 penitm
593 2894 746 2954 mitesceret
758 2899 814 2967 ira,

248 2979 373 3040 lleddeus
385 2990 485 3056 optate
498 2985 585 3043 lelicia
600 2986 671 3044 dona
682 2989 789 3058 salutisa

246 3071 405 3130 Gratantem
418 3083 446 3130 et
457 3075 599 3134 llormmm
611 3079 793 3151 complectens
802 3083 881 3141 turba
891 3100 1003 3144 suorum

246 3160 393 3234 Exciperet
408 3166 473 3221 tntis
486 3176 641 3224 contestans
650 3171 747 3239 quonia
758 3176 829 3231 rotis

246 3254 407 3310 llarrantem
420 3255 487 3311 clari
503 3259 594 3315 titulos
604 3268 633 3315 et
646 3270 720 3329 qesta
736 3266 851 3333 patroni.

246 3341 307 3410 Qui,
320 3350 382 3413 post
394 3342 533 3414 depulsam
546 3346 661 3405 llartino
672 3361 766 3409 orante
777 3354 894 3427 ruinam,

1097 457 1206 528 Argenti
1219 466 1327 515 centum
1337 456 1464 529 predicta
1477 455 1512 512 sd
1524 456 1616 513 limina
1629 455 1713 512 libras

1097 545 1197 603 Detulit
1209 546 1307 603 oblatis
1320 559 1500 618 compensans
1512 544 1622 617 pmmia
1634 544 1730 613 dous,

1098 632 1135 690 llt
1147 636 1246 692 medici
1258 636 1386 695 meritum
1398 650 1503 693 merces
1515 636 1559 693 rel
1573 651 1657 707 parra
1670 637 1811 708 probaret,

1098 722 1222 781 llunillca
1240 731 1270 782 et
1282 725 1378 782 studiis
1390 725 1523 791 mustis
1535 734 1600 783 rota
1611 734 1749 799 paterent.

1097 814 1162 884 Qum
1173 824 1283 874 sanctus
1294 818 1351 874 oari
1365 816 1456 874 ollicio
1470 818 1578 890 qarisus
1590 817 1671 874 amici

1098 906 1212 964 Praemia
1225 908 1315 965 deuoti
1327 907 1451 965 allectum
1465 909 1590 966 usuum
1602 909 1695 967 sordis

1097 997 1152 1054 llec
1167 998 1266 1064 renuit,
1281 998 1345 1055 dum
1358 999 1489 1056 tradentis
1500 999 1640 1072 dispendia
1653 1007 1749 1056 mutus

1097 1085 1214 1157 Cogitat,
1228 1096 1259 1143 ut
1272 1086 1387 1145 lruetum
1400 1086 1461 1144 lldei
1477 1088 1618 1160 praemissa
1630 1087 1764 1145 referrent

1098 1176 1224 1244 lluocra3
1236 1193 1287 1235 nec
1296 1194 1404 1235 rursum
1415 1181 1540 1251 proprios
1553 1180 1671 1252 sseepit
1683 1179 1711 1237 in
1724 1194 1798 1240 uste.

1098 1267 1138 1324 Ne
1150 1276 1269 1325 mentem
1280 1268 1367 1325 sancti
1379 1277 1472 1326 votum
1485 1269 1633 1327 nuenbret
1646 1269 1772 1338 babeudi,

1097 1355 1151 1412 Sed
1164 1357 1306 1414 mmmissa
1320 1357 1376 1413 ileo
1388 1357 1458 1415 coelo
1468 1358 1602 1415 conclusit
1615 1358 1644 1414 in
1657 1358 1735 1428 alto,

1099 1443 1136 1500 Ut
1147 1444 1229 1502 modo
1242 1446 1364 1518 captiuos
1373 1445 1447 1503 durb
1460 1447 1580 1504 manda
1595 1449 1692 1520 poeoia,

1098 1533 1248 1592 Liminibus
1259 1535 1369 1592 exclusa
1382 1536 1434 1608 piis
1446 1536 1547 1594 donata
1559 1538 1719 1611 redemptis,

1098 1622 1246 1681 servarem
1255 1624 1373 1684 admissa
1385 1626 1476 1699 fldem,
1488 1638 1644 1702 contempta
1655 1631 1783 1702 ripum.

1062 1744 1087 1804 Β
1134 1714 1479 1792 rensrntnprsnssa
1496 1722 1787 1796 summouisse
1810 1738 1890 1796 rene

1764 1814 1857 1889 [wera

1098 1900 1218 1958 Antbtes
1234 1901 1334 1961 claram
1347 1902 1410 1961 ooeli
1422 1903 1544 1963 sublimis
1557 1906 1592 1963 ad
1605 1921 1696 1965 arsen

1095 1990 1260 2064 letriqeram
1269 1996 1365 2052 sortite
1377 1995 1497 2066 domum,
1511 1999 1674 2070 rutilamque
1686 2014 1818 2056 coronam

1095 2078 1147 2148 Qui
1158 2091 1284 2141 cunctam
1297 2086 1401 2144 rabiem
1413 2088 1465 2145 diri
1480 2096 1621 2160 totumque
1633 2088 1754 2147 fororem

1095 2172 1230 2232 Damonis
1244 2175 1271 2231 iu
1279 2191 1392 2248 parram
1404 2180 1515 2251 potuisti
1525 2181 1675 2252 astringere
1686 2196 1818 2240 muscam

1094 2263 1130 2319 At
1143 2280 1194 2321 nos
1206 2275 1354 2337 presentes
1363 2285 1472 2344 semper
1482 2273 1671 2330 venerabimur
1679 2282 1763 2331 artus

1094 2361 1186 2421 Donec
1198 2364 1234 2419 ad
1242 2372 1373 2426 :cernam
1386 2370 1483 2429 redeas
1495 2386 1557 2428 eum
1569 2387 1686 2444 corpore
1695 2375 1789 2440 rttam,

1092 2458 1253 2521 Sanctorum
1265 2465 1387 2524 adnexus
1397 2470 1517 2540 tumulis,
1528 2470 1666 2543 Junqeode
1678 2471 1797 2528 coronis.

1092 2560 1145 2617 Vix
1156 2564 1276 2622 solnma
1292 2565 1371 2625 nobis
1383 2568 1495 2640 potuisti
1507 2571 1673 2630 abscondere
1683 2570 1788 2628 vultum

1092 2665 1236 2726 Nobiscum
1246 2670 1347 2742 pietate
1360 2688 1489 2745 maneusc
1504 2685 1532 2734 te
1545 2691 1618 2749 sepo
1630 2677 1787 2749 frequentes

1090 2763 1211 2825 invisunt
1223 2770 1304 2840 oculi,
1318 2788 1411 2833 eornm
1425 2777 1529 2833 curado
1542 2776 1619 2835 vivit.

1093 2866 1197 2924 amum
1213 2879 1312 2943 optate
1325 2873 1468 2933 confestim
1481 2876 1553 2935 dona
1566 2877 1670 2935 salutis.

1091 2965 1179 3025 verba
1190 2970 1332 3038 silent,sed
1342 2974 1419 3046 signa
1433 2975 1537 3046 nitent3
1551 2978 1591 3035 sic
1599 2993 1715 3052 corpore
1725 2979 1836 3052 paulum

1054 3120 1078 3184 c
1092 3068 1116 3123 Δ
1128 3069 1188 3126 risu
1199 3072 1372 3144 abstraheris,
1387 3092 1505 3148 presens
1518 3079 1621 3136 virtute
1631 3080 1741 3150 rideris,

1093 3164 1179 3234 Quam
1191 3183 1290 3241 precor
1300 3181 1330 3230 ut
1343 3174 1443 3234 misero
1452 3177 1597 3235 manilesto
1607 3179 1691 3238 eorde
1702 3181 1816 3253 petitam

1093 3271 1208 3344 Semper
1221 3271 1317 3331 adesse
1331 3275 1410 3344 selis,
1424 3285 1454 3334 ut
1466 3292 1528 3334 oum
1542 3281 1683 3338 meditatio
1696 3297 1806 3340 carttmn

1096 3368 1316 3439 Finicrit,tcnest
1327 3376 1487 3448 transcripta
1501 3381 1590 3437 oratio
1603 3381 1718 3438 laudem.

265 3451 1876 3514 ---——————--.--..-

813 3546 1004 3657 nrum
1036 3555 1311 3671 sursus

273 3735 373 3797 inritas
390 3748 511 3799 nostram
524 3748 678 3805 reuocanda
694 3745 729 3807 ad
743 3766 880 3812 murmura
893 3772 986 3818 curam

245 3827 313 3884 man
323 3830 406 3885 vitam
418 3831 517 3890 rirtme
529 3849 620 3908 paras,
635 3855 690 3897 uon
710 3842 803 3901 clame
816 3848 944 3908 sacerdos

245 3917 316 3989 leqe
326 3919 424 3990 obitus,
439 3925 567 3995 carnique
578 3935 631 3984 tum
643 3931 703 3988 sine
713 3947 794 3991 earne
804 3949 942 4009 superstes

243 4007 380 4078 cerneris,
390 4014 535 4082 expeteris,
550 4018 725 4089 contingetis,
735 4030 818 4095 atque
829 4030 938 4086 teneris.

243 4098 312 4154 llum
325 4099 429 4171 largiris
442 4116 522 4172 opcm
540 4117 711 4176 presentem,
724 4113 845 4170 ostendis
859 4117 999 4188 bonorem,

242 4188 377 4257 Qumrenti
393 4191 531 4260 assistens,
545 4203 573 4250 et
585 4210 722 4267 uunquam
734 4202 866 4263 absconse
880 4211 1013 4279 precanti,

242 4277 330 4346 Quam
342 4278 412 4335 bene
425 4279 531 4338 ricinus
543 4293 656 4355 propter
673 4291 862 4362 complectitur
875 4306 950 4356 artus

241 4367 368 4437 Spiritus,
382 4376 411 4424 et
424 4378 546 4428 sancium
561 4373 699 4445 porlundit
711 4383 799 4451 qratia
814 4397 919 4444 saxum.

240 4456 284 4513 llil
297 4457 427 4530 longeest
438 4464 563 4535 pulsante
576 4468 629 4527 llde
644 4466 810 4533 :clamantia
824 4482 906 4539 corda

240 4544 366 4619 allegant
375 4556 499 4626 proprias
510 4558 570 4615 sine
582 4575 650 4618 voce
661 4571 691 4619 et
703 4580 841 4626 murmure
854 4584 959 4631 musas.

239 4636 337 4696 blentis
350 4643 431 4700 rerba
445 4645 509 4717 legit
521 4650 568 4721 qni
582 4665 690 4709 sensum
704 4655 867 4731 introspicit,
880 4672 908 4719 et
917 4681 966 4723 cor

238 4724 316 4792 visit,
332 4736 360 4785 et
377 4746 504 4791 arcanum
516 4750 660 4810 percenset
673 4748 793 4814 pectoris
806 4759 923 4809 numm.

273 4814 398 4888 Quinque
406 4824 481 4892 prius
494 4830 617 4888 recolens
628 4832 731 4904 signavi
741 4847 817 4907 qesta
831 4842 939 4914 libellis,

237 4904 278 4961 lle
289 4907 382 4965 multis
394 4912 439 4969 rel
452 4929 538 4985 pauca
550 4919 652 4992 legens,
665 4934 749 4994 quota
763 4933 853 5000 portio
868 4936 947 4994 nobis

204 5030 209 5037 ι
237 4993 383 5070 Comperta
396 5010 437 5059 est
452 5007 534 5064 tantis
547 5010 631 5072 titulis
643 5030 711 5085 quos
724 5023 838 5095 contigit
847 5029 941 5085 unusl

236 5087 368 5159 Exiguum
380 5103 478 5164 quanta
490 5109 586 5168 pensat
597 5109 721 5166 roeroede
734 5112 876 5175 laborent

236 5179 348 5250 lndiqno
360 5198 465 5242 rursmn
477 5195 551 5246 unm
564 5193 598 5248 ad
611 5200 744 5266 preconia
758 5218 839 5264 sensu

236 5264 342 5334 Quanta
354 5272 429 5343 sinit,
444 5276 496 5333 lert
511 5287 572 5336 rota
586 5284 626 5339 rei
639 5286 760 5349 bonitate
775 5297 893 5366 patroni

236 5357 366 5420 Praecedit
376 5368 501 5425 meritum
515 5372 559 5443 pia
570 5377 665 5446 qratia
680 5383 770 5452 palma
784 5395 903 5459 tenetur,

235 5451 291 5510 Nec
303 5458 417 5515 sentitur
428 5477 497 5520 onus
510 5480 516 5519 ε
533 5469 649 5526 nondum
660 5474 743 5531 libata
751 5478 851 5538 laboris

234 5539 305 5599 Cura
325 5548 391 5605 mibi
403 5560 455 5623 est,
469 5559 541 5627 quod
556 5562 623 5620 velle
633 5560 711 5633 jubet
722 5565 779 5637 Jnm
800 5574 920 5632 muneris
942 5579 1022 5635 arrba

925 5670 987 5745 [est.

993 3700 1138 3724 0——q

1093 3766 1117 3826 0
1129 3781 1244 3843 quantas
1257 3777 1346 3846 potuit
1358 3779 1447 3851 maior
1459 3781 1583 3840 facundia
1597 3783 1701 3856 linquas

1092 3858 1151 3918 llno
1164 3865 1255 3934 operis
1267 3866 1396 3926 decorare
1409 3869 1491 3941 bono,
1504 3886 1632 3932 consueta
1645 3877 1740 3949 repelli

1091 3949 1218 4011 Carmina
1228 3972 1282 4013 non
1295 3961 1407 4030 patitur,
1421 3966 1507 4021 credit
1520 3966 1591 4023 bona
1604 3983 1665 4038 quse
1677 3984 1727 4026 sua
1743 3971 1831 4028 norit.

1089 4039 1157 4098 llam
1168 4054 1272 4103 matum
1285 4048 1398 4118 iussisse
1411 4053 1499 4125 ipsum
1513 4070 1574 4126 qua>
1587 4051 1685 4116 missrrs
1698 4061 1733 4117 ab
1747 4062 1795 4118 illo

1088 4135 1225 4210 lnterpres
1238 4143 1367 4200 monenda
1377 4154 1456 4215 putat
1466 4148 1585 4206 sociatus
1597 4160 1625 4206 et
1638 4151 1759 4222 besens,

1087 4225 1122 4282 Et
1135 4243 1241 4301 semper
1254 4233 1323 4289 tanti
1336 4235 1469 4293 revebem
1481 4248 1616 4310 precepta
1629 4242 1750 4311 nunnus·

1085 4315 1244 4377 Penrsrnos
1257 4322 1319 4379 lelix
1333 4323 1413 4383 docto
1426 4327 1545 4387 victurus
1555 4330 1584 4385 in
1597 4346 1667 4389 aesn.

1083 4408 1144 4467 Non
1155 4410 1234 4470 lamae
1247 4415 1379 4474 incertum
1393 4430 1496 4491 tranat,
1510 4438 1563 4481 nee
1576 4426 1702 4484 credulus
1713 4443 1786 4484 aure

1045 4498 1230 4578 „Rumnrem
1244 4513 1363 4565 attentas
1375 4521 1502 4583 properat
1511 4514 1622 4586 vulgare
1633 4532 1683 4589 per
1696 4532 1787 4577 aures.

1084 4587 1182 4647 Coram
1194 4593 1252 4650 risa
1266 4597 1371 4668 probat,
1388 4603 1464 4658 testis
1478 4592 1621 4661 lldissimus
1634 4615 1720 4676 astat,

1083 4678 1212 4753 inspectae
1225 4697 1343 4747 assertor
1354 4689 1416 4748 idei
1431 4696 1559 4753 miracula
1571 4699 1662 4769 prodit

1083 4768 1240 4831 inminibus
1253 4778 1344 4835 oblata
1354 4781 1420 4850 suis,
1432 4791 1460 4841 et
1470 4784 1567 4843 tradita
1578 4792 1659 4847 rotis.

1084 4861 1142 4919 lluc
1155 4876 1189 4921 ex
1202 4866 1316 4926 diversis
1326 4877 1449 4930 certunm
1463 4878 1584 4947 partibus
1596 4882 1671 4941 orbis

1083 4953 1197 5024 Agmina
1210 4963 1382 5029 conveniunt,
1401 4980 1561 5027 numerosas
1575 4973 1659 5029 millia
1671 4989 1768 5033 caum

1081 5040 1268 5116 llultiplicant,
1283 5050 1436 5124 iteransque
1449 5072 1563 5129 preces:
1578 5062 1626 5118 dat
1637 5066 1724 5133 qratia
1738 5067 1817 5125 rotor

1080 5129 1185 5202 Oplatae
1198 5137 1307 5208 pietatis
1320 5155 1411 5214 opem,
1431 5146 1555 5207 munitur
1565 5164 1677 5211 orantes

1079 5218 1187 5281 llmensi
1201 5226 1314 5286 fructum
1325 5233 1443 5292 celerem
1457 5253 1488 5295 se
1497 5238 1568 5298 lerre
1581 5243 1690 5302 laboris.

1112 5313 1172 5371 lam
1186 5334 1251 5375 vero
1265 5322 1391 5384 obsessos
1410 5328 1512 5390 luriosn
1525 5333 1647 5394 daemone
1660 5353 1755 5398 sensus

1078 5402 1137 5461 lluc
1149 5417 1227 5464 vocat
1238 5413 1377 5483 auxilium,
1393 5420 1464 5491 rapit
1477 5418 1530 5480 bue
1542 5428 1649 5483 curatio
1659 5429 1749 5485 relos

1078 5494 1226 5567 sistuntur,
1237 5503 1426 5578 trepidantque
1439 5513 1489 5578 rei,
1502 5513 1637 5573 conlessin
1651 5518 1751 5575 clamat

1077 5584 1189 5645 Extorto
1201 5591 1314 5664 imperio
1330 5614 1338 5650 :
1353 5598 1403 5654 sub
1415 5599 1504 5668 iudice
1516 5618 1597 5674 poena
1612 5607 1728 5666 salubris

1077 5677 1212 5753 Cernitur,
1224 5694 1251 5740 et
1261 5689 1383 5761 proprias
1396 5691 1485 5752 abeno
1498 5696 1527 5752 in
1536 5711 1652 5771 corpore
1666 5716 1747 5760 rocas
