4034 6184
276 374 346 431 tuti

266 483 341 544 11111
350 485 425 563 gravi
439 485 531 543 11111111
545 482 679 556 oppressit
688 478 786 538 inertia
799 490 896 536 somno

267 576 367 648 Bestia,
382 579 503 651 corrupti
516 584 668 634 ructantem
681 572 778 646 pocula
791 571 856 637 riui,

266 671 306 729 11
317 672 422 743 pigrum
431 669 509 728 crudi
519 667 646 726 distendit
659 666 765 724 sarcina
775 663 894 732 uentris,

266 757 299 816 Et
313 760 428 816 famulus
437 756 539 817 dominii
552 757 630 816 undar
641 772 722 828 super
730 754 805 811 arida
816 761 895 809 terrie

267 849 352 908 liorsa
365 851 438 921 pium
454 849 540 906 multo
554 848 716 920 pertundens
729 845 840 918 pulvere
853 857 963 914 corpus,

268 941 320 998 Pro
331 941 433 998 loribus
442 941 516 1013 jacet
528 956 593 997 ecoe
606 940 669 1010 tuis,
683 946 712 995 nt
721 938 838 995 claustra
851 935 949 1006 qnietis

266 1030 366 1103 Objicis
376 1031 410 1088 ad
424 1032 509 1104 turpis
521 1038 652 1089 nocturna
666 1029 772 1088 silentia
783 1026 871 1084 somni

267 1123 381 1194 Dirignit
393 1124 452 1181 risu
466 1123 565 1188 subito,
580 1134 747 1193 propereque
757 1126 869 1175 vocatos

268 1214 393 1286 Precipit
410 1214 445 1269 ad
462 1212 608 1269 claustrum
622 1209 716 1281 rapide
737 1222 887 1279 properare
905 1206 1055 1274 ministros,

270 1301 305 1360 Ut
317 1304 416 1360 seriem
427 1302 485 1358 reri
498 1315 548 1373 per
561 1301 654 1356 nuntia
668 1297 749 1355 verba
763 1295 905 1353 referrent.

268 1393 369 1450 lerum
381 1402 410 1449 ut
423 1408 494 1463 sepe
504 1391 575 1449 solet
584 1389 713 1446 membris
723 1397 833 1459 torpore
847 1385 936 1456 ligatis

268 1482 351 1539 Crata
362 1483 438 1553 quies
449 1499 571 1555 pressum
582 1482 685 1539 vincire
694 1487 723 1537 et
732 1480 841 1535 vincere
856 1492 976 1544 sensum,

269 1573 409 1644 Progressi
421 1574 530 1645 paulum
544 1573 588 1628 vix
599 1573 685 1644 prima
700 1571 733 1626 ad
745 1570 838 1626 limina
849 1569 921 1625 serui

269 1665 421 1725 llareentes
434 1669 493 1724 risu
503 1667 628 1733 nimium,
642 1678 793 1737 gressuque
805 1662 927 1718 labentes

269 1763 406 1821 llnnunra
418 1760 557 1834 perplexis
569 1758 686 1815 reddunt
698 1755 804 1812 fallacia
817 1754 916 1821 serbis,

269 1856 379 1914 Nullum
391 1870 441 1929 pro
456 1854 560 1912 iuribus
574 1851 668 1909 solerti
681 1850 778 1920 indage
791 1857 940 1923 repertum.

270 1947 387 2005 1111111111
399 1946 481 2004 ricini
495 1946 575 2017 longo
585 1950 676 2000 amota
689 1942 825 2013 uoluptas,
854 1977 860 1987 .

270 2037 389 2095 llsrcida
403 2037 545 2095 conlestim
558 2034 692 2094 conclusit
706 2033 807 2089 lumina
820 2046 927 2088 somno.

271 2130 340 2187 Tum
353 2145 419 2186 vero
433 2127 588 2186 tremefacta
602 2142 688 2184 nouus
700 2123 849 2197 praecordia
863 2132 951 2179 terror

269 2221 399 2279 Canentis
409 2221 591 2292 angelicaeque
605 2219 698 2275 minax
714 2217 849 2275 sententia
864 2216 938 2272 vocis

145 2302 150 2312 ’
270 2313 387 2384 Surgere
397 2311 563 2384 precipitem
576 2316 740 2384 praeceptum
754 2307 877 2366 iterando
888 2305 988 2376 coegit,

270 2403 327 2461 Nec
338 2402 440 2475 placuit
453 2416 559 2459 rursum
573 2400 693 2457 mandati
705 2397 802 2456 afferre
812 2396 952 2470 periclum.

270 2495 331 2568 lpse
343 2495 378 2552 ad
387 2495 505 2552 claustra
518 2495 574 2552 cito
588 2493 727 2551 contendit
744 2491 836 2546 limina
847 2502 951 2558 gressu,

270 2585 478 2657 Obstructoque
490 2584 564 2642 iores
573 2584 684 2641 domiuo
697 2587 835 2639 reserante
854 2585 1005 2651 patescunt.

270 2679 387 2738 (infulsit
398 2680 473 2741 claro
487 2676 648 2734 uenerabilis
659 2692 708 2733 ore
720 2675 848 2733 sacerdos

270 2769 416 2828 Ostentam
426 2779 523 2827 sancto
534 2768 666 2827 uirtutum
679 2764 916 2833 stemmatarultu,

269 2862 398 2922 Florebat
408 2863 501 2921 multis
514 2862 623 2923 elucens
635 2862 722 2933 gratia
734 2860 819 2932 signis

270 2955 431 3027 liciiigione,
443 2956 507 3026 lide,
519 2955 634 3022 allectn,
647 2954 758 3026 pietate,
770 2951 883 3024 pudore,

270 3044 346 3104 111111
358 3048 420 3104 loeta
430 3046 458 3103 in
471 3046 606 3116 grauibus,
621 3054 748 3103 constans
759 3051 788 3101 et
797 3043 867 3100 seria
878 3041 957 3106 lctis,

271 3137 328 3196 ttec
341 3137 448 3194 ienitate
458 3137 558 3206 rigens,
571 3150 622 3192 uec
639 3136 700 3193 risu
713 3142 820 3192 austera
834 3132 987 3195 resolvens:

270 3225 386 3283 Prorsus
399 3227 439 3282 sic
448 3224 536 3281 media
550 3241 659 3295 semper
670 3225 806 3297 probitate
816 3223 951 3293 refulgens

272 3314 309 3372 lit
319 3330 374 3371 non
390 3315 430 3370 ira
443 3323 548 3375 nucem
560 3314 672 3381 iaceret,
687 3331 742 3371 non
752 3315 838 3385 gratia
851 3327 971 3385 segnem.

271 3407 345 3464 Talis
355 3406 465 3478 pallenti
475 3406 579 3483 species
591 3406 743 3463 veneranda
758 3413 874 3479 tyranno

265 3494 395 3555 ¹(incurrit
408 3503 485 3553 tetrae
499 3495 668 3571 dismmpens
678 3495 769 3553 nubila
784 3496 882 3553 noctis.

270 3583 304 3647 lit
314 3585 371 3657 jam
383 3584 541 3659 prodiderat
549 3585 608 3649 siue
618 3585 707 3645 uerbis
720 3585 829 3643 conscia
843 3585 911 3641 tanti

271 3675 347 3735 biens
360 3675 551 3746 scelerisque
561 3691 643 3733 eausa
655 3676 693 3748 pii
705 3674 775 3732 toret
789 3676 833 3731 1111
842 3674 954 3735 laboris.

271 3768 328 3827 llcc
340 3769 466 3842 precibus
477 3768 619 3842 pandenda
631 3768 690 3836 luit,
706 3769 781 3840 prior
794 3769 852 3840 ipse
864 3774 1008 3840 paventem

271 3858 386 3920 Protulit
395 3868 424 3920 et
435 3861 550 3919 tremulo
562 3859 689 3923 eouinsus
699 3868 811 3937 pectore
824 3875 930 3926 vocem,

271 3950 326 4010 Cur
339 3966 410 4020 mea,
420 3959 523 4020 sancte,
535 3960 610 4008 metu
619 3949 720 4007 dudum
731 3958 842 4022 torpore
853 3948 978 4021 fatigans,

271 4040 392 4099 Excusso
405 4043 512 4115 penitus
524 4042 615 4098 turbas
628 4041 776 4114 praecordia
785 4041 899 4099 somno?

271 4130 313 4188 'ln
323 4131 426 4189 loribus
438 4131 532 4203 procul
545 4131 653 4195 arcetis,
668 4128 814 4202 penetralia
828 4136 922 4185 sancto

260 4212 400 4292 'irrumpis
410 4220 518 4283 merito,
529 4219 652 4277 subsistis
662 4235 786 4291 corpore,
795 4219 856 4291 jure

271 4311 431 4382 ingrederis,
447 4318 551 4368 terrore
562 4311 651 4383 quatis
660 4311 706 4383 qui
720 4326 801 4368 carne
811 4313 935 4369 moraris.

272 4402 401 4460 Necsarm
410 4402 548 4460 abnuerim
562 4405 666 4461 meritis
676 4406 734 4462 baec
748 4404 837 4461 debita
849 4406 949 4462 nostris

272 4492 339 4550 Cum
352 4493 419 4552 duro
433 4495 587 4552 innumeras
599 4496 731 4567 spirarem
745 4504 855 4568 pectore
867 4496 955 4553 caedes

271 4582 403 4642 8111111111
417 4586 483 4643 urbe
497 4594 553 4655 tua,
568 4603 665 4663 precor
678 4601 752 4658 ergo,
768 4588 877 4658 ignosce
890 4585 995 4652 latenti,

274 4675 355 4735 litere
366 4677 427 4749 jure
440 4687 497 4746 tuo,
508 4679 582 4751 parci
591 4680 676 4756 cupis,
690 4688 749 4736 esto
759 4680 901 4748 remissus,

271 4765 415 4839 Suppliciis
427 4769 520 4825 emitte
533 4785 605 4838 reos,
618 4785 662 4826 nre
676 4771 750 4826 solue
760 4779 847 4828 reatu.

272 4858 328 4915 lice
336 4873 412 4915 mora
427 4876 435 4914 1
451 4859 547 4919 laxatae
556 4864 656 4934 raptim
665 4862 788 4919 cecidere
798 4870 901 4921 catenae

272 4948 338 5017 Qum
351 4947 432 5007 modo
441 4950 591 5021 patientum
604 4953 773 5027 stringebant
782 4954 850 5010 colla
861 4969 980 5021 reorum,

272 5040 416 5097 Serrantes
425 5039 489 5098 dire
499 5043 640 5101 morientia
652 5060 767 5117 corpora
778 5046 867 5102 morti.

271 5134 396 5193 Exsultat
408 5135 497 5193 subito
508 5136 612 5193 miseris
621 5152 683 5210 spes
695 5137 798 5194 reddita
807 5147 885 5203 voto;
957 5172 963 5177 -

271 5228 376 5285 11111111
389 5228 529 5299 mistoque
541 5239 616 5285 metu
629 5237 684 5289 tam
694 5243 791 5301 magna
805 5239 917 5302 repente

271 5320 387 5378 Credere
399 5319 522 5377 dillldunt
532 5320 638 5391 trepidi,
652 5322 699 5378 sed
714 5323 824 5379 credere
837 5323 948 5378 malunt.

271 5411 384 5469 Certant
394 5421 531 5483 gratantes
544 5412 654 5483 genibus
666 5428 696 5469 se
710 5411 852 5470 advolvere
864 5414 974 5483 sanctis,

272 5502 386 5575 Cingere
397 5504 562 5576 supplicibus
576 5505 686 5574 vestigia
696 5504 820 5563 blandius
833 5506 913 5562 ulnis.

272 5590 320 5649 lile
334 5593 389 5650 lieo
402 5603 492 5665 grates
504 5594 598 5652 suadet
608 5596 692 5666 magis
702 5610 762 5652 csse
775 5595 907 5663 ferendas,

273 5685 471 5758 ductoremque
481 5685 560 5758 hujus
572 5687 709 5744 Christum
723 5696 816 5744 mouet
830 5702 890 5744 esse
904 5687 1007 5754 salutis,

273 5774 325 5845 uni
338 5776 377 5834 sic
391 5778 547 5837 criminibus
559 5790 661 5853 parcat,
676 5779 698 5837 si
712 5794 775 5836 vera
788 5778 908 5836 dolorem

837 366 869 422 li.
890 361 1026 425 eauttrtt
1046 359 1348 421 ertntcuttuttttsts

1823 342 1892 401 ibid

1067 474 1092 537 A
1106 472 1247 531 Commissi
1260 472 1370 530 sceleris
1379 470 1466 529 saltim
1480 468 1621 528 conversio
1632 466 1741 540 prodat,

1104 565 1171 622 llam
1184 580 1279 637 peenas
1289 578 1430 636 superesse
1441 564 1494 620 reis
1500 561 1614 619 durante
1626 568 1713 617 reatu

1104 655 1215 712 Talibus
1227 654 1352 724 alloquiis
1362 653 1442 710 simul
1454 660 1482 709 et
1491 653 1591 724 pietate
1601 651 1726 706 laborans
1776 657 1779 661 ’

1105 746 1243 820 Supplicio
1253 745 1493 811 absolrit'uinctos,
1505 742 1644 812 culpisque
1656 738 1771 794 solutos.

1140 836 1200 892 iam
1213 851 1279 891 uero
1292 835 1345 891 boc
1358 834 1459 890 donum
1469 847 1530 902 qne
1538 832 1618 901 digne
1629 830 1720 897 lingua
1731 822 1873 895 loquetur,¹

1105 926 1184 994 Quod
1198 932 1279 996 paret
1287 924 1403 980 attonito
1411 924 1502 980 saltim
1515 921 1671 989 contingere
1683 933 1766 974 1111111

1106 1019 1183 1074 llens
1196 1016 1230 1072 ad
1244 1024 1306 1071 tam
1314 1015 1380 1071 clari
1394 1014 1487 1072 titulos
1498 1019 1611 1083 angusta
1625 1006 1750 1081 patronii

1106 1112 1152 1169 Sic
1161 1111 1286 1166 meritum
1295 1107 1382 1165 sancti
1395 1114 1507 1163 cunctas
1520 1103 1668 1176 trepidasse
1679 1108 1804 1157 catenas

1107 1200 1251 1268 benonis,
1264 1207 1292 1255 ct
1304 1198 1373 1253 tanti
1383 1198 1423 1253 sic
1435 1194 1541 1267 prodita
1553 1194 1630 1264 signs
1643 1190 1760 1262 pavoris,

1107 1291 1144 1348 Ut
1153 1291 1259 1361 quoties
1272 1288 1388 1361 proprie
1400 1301 1559 1359 progressus
1568 1285 1660 1341 limina
1670 1281 1746 1339 cellas

1108 1381 1219 1438 Eminus
1231 1390 1348 1436 amotam
1362 1393 1470 1448 gressus
1483 1375 1613 1433 mouisset
1621 1373 1657 1429 ad
1668 1371 1774 1435 urbem,

1107 1471 1284 1529 Commissum
1296 1470 1413 1525 invisens
1425 1476 1520 1523 1111111
1533 1464 1718 1521 moderamine
1731 1462 1849 1532 piebem,

1107 1560 1157 1618 Vel
1168 1561 1277 1632 cupiens
1288 1558 1386 1615 (1111111
1394 1556 1464 1612 sacri
1475 1556 1602 1627 mysteria
1615 1554 1692 1619 ritus,

1108 1650 1199 1707 Gratia
1213 1652 1252 1708 sic
1264 1647 1358 1720 rapido
1372 1660 1487 1719 propere
1500 1659 1642 1716 progressa
1656 1642 1749 1698 volatu

1109 1739 1259 1811 Torqueret
1272 1737 1390 1809 trepidas
1402 1736 1508 1807 captiuo
1518 1736 1545 1790 in
1558 1748 1674 1805 corpore
1685 1732 1792 1794 laruas;

1073 1831 1099 1893 li
1112 1833 1147 1891 Ut
1155 1833 1265 1889 uixdum
1278 1846 1417 1903 egressum
1431 1837 1530 1885 sanctae
1538 1825 1686 1899 peremtis
1696 1824 1767 1882 sedis

1111 1921 1163 1978 Per
1176 1930 1310 1978 tormenta
1323 1922 1397 1992 prius
1410 1919 1489 1988 longe
1503 1930 1648 1989 praegressa
1658 1914 1781 1970 riderent

1109 2012 1208 2069 ddiore
1223 2010 1375 2076 contestim,
1390 2008 1513 2065 stridenti
1522 2014 1551 2063 ct
1565 2018 1702 2061 murmure
1716 2003 1792 2059 vocis

1108 2100 1209 2158 iudicis
1222 2101 1369 2157 adveutum
1377 2098 1507 2155 clamaret
1515 2110 1596 2168 poeua
1610 2109 1729 2150 reorum.

1110 2194 1146 2250 lit
1157 2208 1223 2250 reru
1234 2193 1260 2248 in
1270 2191 1373 2248 loribus
1385 2188 1497 2258 vesunu
1506 2189 1594 2259 prima
1606 2187 1723 2243 locasset

1109 2281 1228 2338 Cernere
1241 2288 1302 2337 erat
1310 2278 1396 2351 raptis
1409 2290 1524 2348 propere
1537 2274 1571 2331 ad
1582 2273 1706 2331 sublimia
1718 2271 1848 2328 membris

1109 2371 1261 2429 Constricta
1273 2371 1354 2427 aeriis
1364 2368 1451 2425 attolli
1462 2383 1576 2439 corpora
1588 2366 1692 2422 uinctis

1110 2463 1143 2518 Et
1151 2479 1201 2536 per
1213 2463 1294 2518 inane
1305 2462 1395 2532 gr‘aris
1406 2460 1528 2516 nutaruia
1538 2457 1657 2529 pondera
1669 2457 1759 2518 carnis

1110 2553 1244 2624 linquere
1253 2554 1393 2623 coaugens
1405 2551 1507 2623 pernici
1520 2549 1625 2606 turbiue
1637 2556 1723 2605 terras

1109 2646 1249 2718 Supplicio
1259 2659 1389 2716 suspensa
1400 2658 1461 2710 suo,
1472 2642 1520 2700 sed
1534 2642 1617 2698 libera
1630 2654 1711 2706 nesu,

1111 2738 1206 2793 Vincta
1219 2751 1329 2809 precum
1338 2734 1452 2801 meritis
1462 2733 1579 2804 propriis
1592 2729 1735 2802 pendentia
1751 2729 1850 2800 poenis,

1110 2830 1235 2885 Clamare
1247 2827 1377 2884 admissas
1390 2826 1474 2882 tacito
1485 2823 1633 2894 subjudice
1645 2822 1754 2892 culpas;

1111 2922 1167 2979 Nec
1179 2921 1363 2993 percontantis
1376 2917 1509 2976 coulessio
1522 2917 1626 2973 reddita
1634 2915 1723 2973 verbis

1112 3013 1194 3069 Eruta
1203 3028 1252 3085 per
1264 3011 1395 3083 trepidam
1408 3009 1539 3080 prodebat
1550 3008 1663 3065 crimina
1671 3020 1776 3062 rocem.

1111 3103 1231 3173 Namque
1242 3102 1301 3159 solo
1311 3101 1421 3158 acclinis
1435 3100 1565 3156 transibat
1575 3098 1663 3156 sidere
1673 3105 1749 3165 roto,

1074 3183 1098 3246 C
1113 3191 1167 3264 Spe
1181 3190 1324 3248 [tominuin
1337 3199 1449 3262 tangens
1458 3198 1578 3259 sauctus,
1593 3187 1641 3245 sed
1655 3200 1772 3258 corpore
1790 3202 1901 3257 pronus,

1113 3281 1201 3338 Corde
1213 3281 1332 3346 bumiiis,
1343 3282 1431 3337 celsus
1441 3281 1547 3348 merito,
1555 3280 1613 3336 sine
1625 3293 1761 3335 murmure
1769 3278 1901 3344 clamans,

1112 3369 1239 3427 Occultus
1251 3371 1311 3427 risu
1321 3369 1416 3440 iudex,
1432 3370 1531 3427 uirtute
1544 3367 1682 3440 probatus,

1112 3461 1153 3517 Ad
1167 3462 1245 3531 cnjus
1257 3462 1382 3517 meritum
1395 3461 1524 3517 miracnis
1538 3468 1612 3517 tanta
1624 3468 1748 3532 paterent

1112 3555 1186 3612 lnter
1195 3556 1275 3612 inane
1287 3568 1349 3611 reus
1361 3553 1491 3626 pendens,
1505 3561 1533 3610 et
1546 3554 1574 3609 in
1587 3568 1650 3609 aere
1665 3560 1752 3608 tortor

1112 3645 1247 3703 Porrectis
1258 3661 1364 3704 sursum
1375 3646 1497 3718 pedibus,
1512 3643 1658 3700 constricta
1671 3641 1785 3712 rigentis

1114 3735 1219 3792 Vellera
1231 3736 1356 3803 uestitus,
1370 3735 1449 3792 tectis
1461 3733 1591 3789 berentia
1602 3731 1739 3794 membris

1112 3825 1151 3882 lie
1164 3824 1234 3891 11111
1248 3834 1357 3883 carrata
1366 3840 1416 3883 suo
1425 3822 1469 3880 111
1481 3824 1556 3894 lapsa
1570 3831 1718 3881 retmtsum

1112 3918 1249 3975 Nudaront
1261 3925 1354 3989 turpes
1365 3916 1477 3989 appensi
1491 3915 1614 3986 corporis
1623 3923 1709 3973 artus.

1149 4009 1196 4066 Sic
1209 4008 1345 4075 meritum,
1359 4007 1484 4078 liartine,
1505 4015 1591 4075 tuum,
1607 4008 1647 4064 sic
1667 4014 1762 4065 sancta
1782 4012 1903 4078 potestas

1024 4130 1027 4147 .
1112 4099 1146 4155 Et
1156 4097 1293 4170 prodenda
1307 4098 1354 4153 liei
1363 4113 1412 4170 per
1424 4112 1517 4155 serres
1525 4098 1612 4168 gioria
1624 4096 1723 4155 Christi

1113 4190 1253 4248 Excedens
1264 4198 1352 4248 terras
1363 4189 1449 4245 titulis
1460 4197 1488 4246 et
1499 4189 1526 4244 iu
1543 4204 1606 4245 aere
1617 4197 1721 4259 regnat

1112 4282 1231 4341 Siceatas
1245 4284 1326 4340 etiam
1336 4290 1439 4339 certum
1449 4292 1491 4340 est
1501 4291 1528 4339 te
1537 4284 1660 4354 supplice
1673 4283 1768 4351 nubes,

1112 4372 1255 4430 Grandinis
1267 4382 1296 4431 et
1309 4373 1375 4431 dirce
1384 4389 1539 4446 suspensam
1552 4375 1661 4431 haesisse
1674 4375 1780 4429 ruinam

1113 4463 1266 4522 Consuicto
1279 4468 1386 4538 penitus
1398 4465 1502 4524 densati
1512 4467 1617 4536 gurgite
1629 4464 1724 4531 uinrbi,

1074 4556 1100 4617 Ii
1112 4555 1163 4623 Qui
1175 4556 1264 4626 grsris
1274 4565 1303 4613 et
1314 4557 1392 4627 rigidi
1405 4573 1541 4615 connexus
1553 4558 1653 4627 irigore
1664 4557 1740 4613 renti

1114 4645 1143 4701 ln
1154 4646 1257 4718 lapides
1270 4646 1382 4703 duratus
1395 4649 1483 4719 aquis,
1496 4651 1536 4705 sic
1545 4648 1654 4704 turbine
1666 4647 1762 4704 crebro

1114 4737 1143 4795 lu
1158 4747 1245 4796 terras
1256 4738 1337 4797 solidi
1348 4739 1465 4810 jaciebat
1475 4756 1541 4796 saxa
1553 4740 1673 4810 liquoris,

1115 4830 1151 4887 Ut
1165 4830 1263 4902 irugcs,
1278 4831 1397 4899 arbusta,
1409 4832 1515 4901 bortos,
1530 4833 1660 4904 pomaria,
1675 4831 1745 4887 uites

1116 4925 1289 4983 Proterereot
1299 4925 1402 4983 crebris
1414 4925 1566 4983 nimborum
1579 4927 1633 4983 tela
1647 4926 1742 4991 11111111,

1115 5015 1247 5074 Couiossa
1261 5023 1290 5073 et
1302 5016 1392 5092 ualido
1411 5025 1569 5086 quateretur
1580 5015 1695 5073 uerbere
1705 5016 1797 5071 telius.

1116 5109 1179 5166 llssc
1191 5111 1275 5181 pestis
1289 5109 1426 5167 &nonum
1438 5111 1493 5167 late
1503 5119 1624 5182 grassata
1635 5124 1685 5182 per
1698 5123 1791 5179 agros,

1117 5202 1246 5273 Supplici
1258 5211 1287 5259 et
1299 5203 1373 5273 leges
1381 5212 1512 5260 consueta
1529 5203 1640 5274 explere
1652 5202 1799 5273 quotannis

1117 5291 1187 5348 Elisa
1202 5292 1317 5349 assiduis
1329 5294 1479 5350 nudaverat
1492 5308 1555 5350 arra
1569 5293 1663 5349 ruinis.

1115 5386 1248 5443 Antissam
1261 5392 1380 5454 segetem
1389 5386 1494 5457 pallens
1506 5383 1640 5440 referebat
1653 5392 1747 5441 arator

1115 5476 1243 5533 rerrncu
1256 5478 1363 5549 penitus
1376 5479 1503 5551 plangens
1511 5476 1623 5546 vestigia
1633 5477 1727 5543 errlmi,

1116 5578 1150 5634 Et
1163 5579 1250 5636 iossor
1261 5595 1377 5637 uacuum
1388 5582 1446 5637 sine
1459 5579 1545 5635 iructn
1555 5585 1584 5633 ct
1593 5577 1705 5649 palmite
1716 5579 1810 5645 ritem,

1115 5677 1193 5749 Smpe
1206 5692 1317 5748 gemens
1327 5679 1398 5749 iugis
1411 5687 1471 5749 post
1484 5692 1573 5733 annua
1584 5687 1650 5734 uota
1663 5678 1764 5733 laboris

1115 5779 1153 5834 lie
1161 5778 1218 5849 jam
1227 5779 1367 5848 turgidulis
1380 5778 1538 5837 numerabat
1549 5779 1646 5837 damna
1657 5781 1780 5869 racemis.
