4034 6184
270 421 323 481 fil
938 414 991 473 CL.
1012 414 1046 471 ll.
1069 410 1223 471 victottts
1846 403 1896 462 tei

275 534 441 604 omtmtdt
452 549 582 608 crepuere
594 534 678 599 sinos.
692 531 816 604 elataque
829 529 923 588 messis
1076 524 1254 597 Allaqitium
1266 522 1414 582 addidimus
1432 540 1439 577 ε
1456 521 1620 595 lamueest
1641 519 1714 593 quod
1727 519 1842 578 callidus
1851 535 1894 576 aa·

274 625 637 694 Exstititetmotisrmdaos
649 623 790 697 trepidarit
802 621 902 690 aristis,
1794 610 1865 683 [quia

275 717 560 789 bdwmmspsciem
572 708 975 787 sessetfsnormaceoiacultae.
1110 703 1707 777 obiiciatsiforsillnmaeensarerelimns,

274 807 317 863 ttit
331 808 490 866 mmeniinc
502 808 598 877 looqns
608 807 752 879 quidquam
765 804 816 861 silui
826 802 942 861 vindicet
950 814 1025 868 usus,
1110 795 1189 864 Quod
1198 795 1343 854 morimur:
1357 807 1472 866 namque
1484 794 1518 852 ad
1527 794 1664 852 cumulum
1676 792 1763 867 prima
1776 792 1893 863 illapro

274 895 899 969 Nilcasusrirtutisinops,1ietrsumnianosse
1781 880 1865 953 [ΜΟ

274 987 641 1057 Qnebomsautcumluce
651 984 732 1050 dedit,
746 980 899 1053 mundoque
908 977 1017 1044 minori,
1110 972 1246 1041 commu,
1261 970 1361 1043 adjecit
1373 979 1500 1041 mortem,
1514 971 1675 1044 culpamque
1685 979 1829 1043 pareantum

274 1078 410 1148 Quidquid
423 1078 510 1148 mmor
521 1076 613 1145 habet,
622 1089 701 1130 sacro
713 1073 881 1128 innotescere
893 1083 983 1135 seusu,
1110 1065 1249 1123 fodectam
1262 1066 1364 1123 mundo
1378 1065 1555 1138 (horrendum
1573 1071 1615 1121 est
1627 1063 1656 1119 td
1667 1060 1769 1132 dicere)
1782 1058 1849 1116 fecit

274 1165 364 1236 Seque
376 1180 427 1237 per
438 1166 496 1224 hec
504 1164 589 1220 veluit
604 1179 612 1218 z
627 1161 699 1233 quod
709 1161 733 1216 si
742 1159 843 1216 illibata
857 1164 988 1221 maneret,
1110 1156 1234 1229 impietas
1248 1156 1336 1213 scelus
1348 1170 1408 1212 esse
1420 1171 1530 1224 nomm,
1543 1154 1583 1212 sic
1592 1154 1685 1225 impie,
1693 1151 1734 1208 sie
1746 1159 1775 1207 tu

278 1253 313 1312 [lt
324 1255 387 1311 data
400 1270 476 1311 mens
497 1252 598 1311 frumini
612 1259 664 1321 est,
685 1250 804 1320 nuliique
816 1247 932 1305 moesia
951 1245 1059 1316 culpe,
1111 1247 1172 1304 llire
1180 1246 1387 1319 &imprimere
1400 1262 1498 1303 norum
1509 1246 1582 1303 eorde
1595 1243 1783 1302 tutrisorurm
1803 1260 1811 1296 ε

274 1343 334 1401 flou
345 1344 417 1400 iilam
425 1342 540 1415 species,
553 1356 606 1399 uon
621 1341 694 1397 illam
706 1353 819 1411 corpora
833 1352 933 1402 rerum,
1081 1336 1085 1343 '
1111 1334 1227 1406 Proque
1240 1328 1385 1408 perpetuas
1398 1350 1493 1407 pmnns
1504 1335 1560 1406 iam
1574 1342 1662 1391 morte
1672 1332 1775 1389 solutus

275 1431 333 1488 ffon
346 1432 441 1490 modus
454 1440 599 1499 astrorum,
614 1445 740 1497 numerus
751 1443 802 1485 uec
817 1428 906 1484 mollis
917 1440 1007 1482 arenae
1111 1423 1305 1494 AEternumque
1318 1423 1403 1489 dabis,
1417 1423 1497 1494 longe
1505 1431 1630 1495 serpente
1642 1420 1759 1479 nefando

274 1521 400 1591 falleret,
406 1529 453 1577 aut
465 1520 572 1591 quantis
578 1534 639 1576 cum
650 1531 746 1588 maqno
759 1525 831 1572 terra
844 1513 978 1587 profundo
1111 1512 1243 1582 nemrim,
1257 1520 1303 1568 tua
1317 1514 1443 1569 metimur
1454 1514 1477 1569 si
1490 1514 1622 1571 crirmm:
1638 1526 1755 1582 namque

273 1610 391 1667 tinum
404 1619 446 1667 est
455 1609 558 1681 spatiis,
569 1617 617 1664 aut
631 1622 691 1679 que
702 1620 828 1662 mensura
842 1612 950 1676 peracta
964 1608 1007 1659 est
1110 1599 1209 1656 Attrrlft
1221 1600 1267 1657 iile
1276 1616 1370 1658 necem
1384 1602 1473 1668 roobia,
1486 1616 1540 1657 non
1550 1600 1659 1658 intulit:
1675 1601 1705 1656 at
1719 1617 1769 1658 nos

273 1699 361 1757 Uotis.
376 1698 446 1768 Quid
459 1706 570 1756 resonet
581 1704 657 1754 moto
665 1694 848 1767 septemplicis
856 1693 915 1750 axis
1110 1690 1236 1763 Cepimus
1249 1692 1368 1761 alinum,
1383 1701 1413 1748 to
1423 1708 1489 1749 uero
1503 1692 1573 1749 hanc
1581 1692 1705 1764 primitus
1717 1690 1809 1748 infers.

273 1790 425 1848 llarmouie
438 1789 532 1846 vocale
540 1787 636 1855 melus,
648 1802 719 1844 nunc
731 1786 843 1843 discitur
852 1798 902 1839 usu
1111 1787 1198 1845 'fanto
1210 1788 1256 1844 ille
1269 1788 1356 1860 peior,
1370 1788 1448 1845 ritari
1460 1787 1582 1861 publicus
1595 1787 1681 1845 frustis

274 1882 447 1953 dsidmoqne
458 1880 539 1936 datur
551 1877 667 1946 nudis,
681 1891 835 1950 quanquam
848 1883 907 1931 arte
918 1873 962 1931 uel
976 1888 1026 1929 usn
1075 1873 1100 1936 B
1111 1876 1189 1946 Quod
1201 1879 1289 1950 potuit
1303 1897 1311 1933 z
1326 1887 1355 1934 tu
1368 1879 1488 1950 priuatus
1499 1879 1572 1935 nulla
1586 1888 1645 1935 arte
1658 1877 1748 1934 caueri

274 1970 350 2041 Quod
359 1970 479 2042 capimus
491 1968 606 2025 Domino
615 1981 722 2039 semper
731 1966 848 2024 donante
861 1971 996 2021 memus.
1112 1968 1171 2024 lam
1184 1976 1294 2040 poteras
1306 1987 1313 2024 :
1323 1969 1384 2039 quis
1394 1969 1466 2026 enim
1478 1967 1603 2026 dilectoa
1616 1968 1705 2025 fratre
1719 1968 1844 2025 timeeti

307 2060 344 2116 dt
356 2074 421 2116 nero
434 2055 469 2113 ad
482 2056 585 2130 primos
598 2064 628 2114 ut
640 2071 671 2114 se
688 2056 806 2128 digressa
820 2064 946 2127 parentes
1111 2058 1147 2114 tlt
1159 2074 1225 2115 nero
1239 2058 1311 2114 nulla
1324 2066 1367 2115 est
1379 2058 1497 2115 heminis
1510 2066 1563 2114 tam
1578 2058 1637 2114 dira
1648 2054 1757 2114 nefandi

272 2147 369 2205 Nostra
382 2144 474 2218 chelys
496 2143 605 2215 referat,
615 2143 682 2215 iam.
696 2158 798 2215 φησι),
813 2143 943 2200 attendite
956 2141 1059 2215 paucio
1110 2147 1205 2220 Culpa,
1220 2148 1291 2206 mus
1300 2164 1380 2220 qnam
1395 2164 1449 2206 non
1464 2149 1554 2205 animo
1566 2148 1699 2207 demente
1711 2148 1840 2218 remittat,

273 2232 670 2305 Puummauqnsosparadisi
680 2232 788 2290 sedtum
800 2230 894 2299 lidan,
1110 2237 1231 2296 simodo
1244 2238 1552 2309 pertenuissezqnnd
1566 2236 1733 2295 tetecem

272 2329 378 2386 fielium
388 2328 482 2384 frabuit
494 2327 568 2401 prius
580 2325 797 2397 officiumquam
804 2324 926 2396 coniugis
934 2337 1024 2389 osum,
1109 2328 1271 2399 decipimus,
1286 2344 1367 2401 quem
1380 2337 1445 2386 tuuc
1454 2327 1573 2386 fraterna
1586 2328 1659 2386 mede
1668 2328 1831 2397 madentem,

273 2421 360 2491 Atque
373 2434 482 2477 omnem
496 2419 566 2475 uatis
584 2433 695 2492 operam
711 2433 811 2474 narare
824 2413 957 2474 creandis
1110 2419 1168 2476 Nun
1181 2419 1317 2490 iudignum
1328 2421 1423 2477 hahuit
1436 2422 1524 2495 (muta
1537 2426 1579 2478 est
1591 2421 1747 2492 clementia)
1761 2435 1821 2476 sese

272 2509 343 2580 Ergo
355 2510 401 2565 ubi
413 2510 500 2581 prima
516 2508 612 2567 domus
622 2508 693 2565 natis
701 2508 757 2578 jam
766 2506 845 2579 pleea
856 2505 969 2574 duobos,
1109 2508 1272 2581 correptore
1285 2510 1365 2577 Deus,
1379 2511 1443 2580 quin
1456 2510 1555 2567 blanda
1568 2525 1636 2567 roee
1649 2518 1785 2578 rogatum,

272 2598 344 2656 futer
356 2607 411 2654 um
424 2600 514 2656 rarius
525 2599 621 2655 solatia
635 2599 719 2654 muita
730 2597 836 2655 labores
1108 2599 1206 2657 Frater
1218 2601 1262 2656 ubi
1277 2615 1342 2657 suns
1354 2601 1400 2656 ilie
1412 2601 1492 2664 foret,
1507 2598 1662 2670 facinusque
1675 2607 1818 2668 negamem

271 2688 378 2752 Attulit,
389 2695 471 2759 atque
484 2701 582 2743 notum
600 2701 632 2744 se
643 2687 710 2743 vidit
723 2696 836 2759 uterquc
854 2696 1004 2759 parentem,
1109 2692 1213 2761 Amuli,
1227 2700 1255 2746 et
1268 2691 1363 2747 leviter
1373 2699 1449 2747 tanto
1464 2707 1512 2761 pro
1525 2691 1636 2746 crimine
1649 2689 1735 2760 punit.

272 2777 447 2849 lluftiplicrta
459 2790 556 2848 gneus
564 2778 694 2834 releuauit
702 2792 766 2835 cura
778 2776 886 2835 dolores
899 2819 908 2847 ‚
1109 2778 1175 2837 nom
1194 2779 1334 2852 profugum
1355 2789 1458 2837 tanwm
1478 2787 1559 2852 atquc
1578 2787 1714 2837 extorrem
1731 2779 1766 2836 air
1779 2786 1889 2848 utroque

271 2865 447 2939 litspesjam
459 2865 541 2925 sufriit
553 2866 670 2938 propriis
683 2866 800 2938 paudere
813 2869 943 2926 ministris
1736 2871 1857 2942 {parente

271 2958 491 3017 iturisiuofflcio
506 2977 514 3015 ε
528 2960 921 3032 quorumquimaximusaevo,
1109 2956 1765 3035 lonqinsemandatvastasqnereleqatinoraq

271 3050 341 3107 srva
353 3049 420 3108 Cain
433 3050 510 3109 duris
518 3051 640 3108 vertebat
653 3052 761 3123 pinguia
774 3053 880 3120 rastris3
1060 3096 1066 3107 .
1111 3053 1145 3111 Et
1156 3055 1260 3126 lebeta
1274 3055 1367 3127 patriis
1381 3054 1521 3113 confestim
1531 3053 1662 3110 excedere
1674 3052 1763 3110 terris.

271 3143 376 3199 Atriro
388 3143 507 3214 gaudem
516 3142 592 3200 lucro
605 3143 776 3214 dignissimus
787 3144 854 3201 Abel
1110 3144 1167 3201 liae
1179 3146 1261 3202 etiam
1269 3144 1349 3216 longe
1363 3145 1462 3201 misero
1472 3143 1586 3200 feliciter
1597 3144 1624 3197 in
1637 3158 1669 3199 re

271 3232 390 3288 Collibus
403 3233 430 3289 in
439 3233 519 3289 nudis
531 3243 559 3289 et
571 3233 636 3290 sicci
649 3237 769 3305 germine
778 3235 866 3307 campi
1071 3221 1095 3287 C
1109 3231 1268 3290 Gratilleans
1282 3251 1290 3287 ι
1302 3233 1410 3302 grauior
1423 3248 1485 3290 uam
1497 3232 1584 3288 mufto
1597 3240 1640 3289 cst
1652 3246 1732 3303 pmna
1746 3228 1827 3288 rideri

271 3322 401 3378 innocuas
410 3321 625 3392 pascebatques,
643 3326 903 3396 etlacteperentes.
1108 3323 1181 3379 luter
1190 3323 1281 3381 felices
1290 3331 1319 3380 et
1331 3338 1398 3401 pura
1413 3331 1504 3380 mente
1513 3324 1609 3382 beatos

272 3411 370 3467 Verum
382 3411 530 3483 exspectatl
544 3420 696 3470 censerent
713 3414 934 3485 gaudiafructns.
1108 3410 1464 3483 ficturoposrsuppticium
1476 3411 1594 3482 factique
1607 3413 1747 3484 pudorem.

271 3502 366 3560 ffirino
379 3503 476 3560 intuitu
489 3502 560 3561 rioci
573 3518 621 3560 sna
636 3512 699 3561 uota
712 3504 806 3562 favore
818 3523 836 3562 ε·
1109 3507 1198 3579 thue
1211 3508 1246 3565 sit
1258 3506 1383 3564 exsilium
1395 3506 1490 3571 tesius,
1506 3521 1599 3564 comes
1611 3507 1717 3563 additur
1730 3520 1796 3563 uror

271 3591 332 3649 ifex
341 3592 461 3649 decrerit
472 3600 585 3664 uterque
595 3595 637 3650 sui
650 3594 777 3651 libamina
790 3593 893 3653 fructus
1108 3596 1174 3654 Fida
1187 3613 1235 3654 reo
1245 3597 1345 3662 forsan,
1360 3611 1395 3653 ne
1404 3595 1559 3668 desperatio
1571 3597 1658 3654 solnm

271 3682 358 3740 l‘rima
370 3685 461 3742 dicare
474 3685 541 3754 fleo,
552 3702 643 3745 sacras
651 3688 726 3760 prior
736 3687 847 3760 impedit
855 3704 917 3746 aras
1109 3690 1247 3759 Arrlperet
1262 3705 1269 3742 z
1285 3696 1342 3744 tum
1355 3688 1436 3744 etiam
1449 3702 1509 3759 quae
1522 3688 1604 3744 duras
1617 3688 1734 3760 pectoris
1747 3688 1808 3759 egri

270 3773 399 3844 ionibus
413 3774 459 3833 iile
469 3776 555 3845 noris,
570 3777 649 3834 niven
663 3779 747 3849 magis
757 3780 801 3836 iric
817 3780 877 3835 litat
888 3793 968 3849 aquo.
1108 3776 1225 3834 lfofliret
1235 3791 1323 3845 curas,
1339 3786 1367 3833 et
1376 3785 1454 3833 tuoto
1467 3793 1582 3846 corpore
1594 3779 1706 3835 fractum

270 3866 359 3923 Prima
369 3867 539 3925 sacerdotnm
554 3869 670 3940 species,
680 3884 744 3925 mox
755 3869 843 3927 lrostia
857 3870 945 3926 fratris
1108 3863 1224 3921 sisteret
1235 3865 1360 3937 amplexu
1375 3884 1383 3921 a
1396 3866 1514 3937 nullique
1524 3869 1642 3925 obnoxia
1656 3869 1752 3940 culpe,

270 3956 363 4029 impia,
377 3958 425 4015 sed
434 3957 570 4016 (feretum
585 3957 839 4029 torquendorum
850 3960 933 4029 ligura
1108 3952 1142 4011 Εἰ
1153 3955 1294 4012 fluminum
1305 3955 1377 4012 uotis
1385 3964 1415 4012 et
1427 3972 1494 4028 pura
1506 3966 1598 4014 mente
1611 3958 1734 4025 colendo,

270 4048 396 4118 Siquans,
416 4056 563 4119 perpetuus
575 4063 637 4103 nam
651 4062 712 4103 cum
726 4047 795 4104 foret
809 4048 854 4104 illc
867 4047 1003 4113 sacerdos,
1109 4044 1225 4103 illiceret
1234 4045 1363 4118 quidquid
1374 4056 1466 4119 posset
1479 4048 1544 4104 satis
1556 4063 1618 4109 esse
1630 4049 1745 4108 dnobus

270 4140 374 4197 Summi
387 4138 582 4194 lleichieedeclr
595 4152 630 4193 ex
640 4137 735 4195 ordine
749 4156 756 4192 ι
770 4139 891 4210 protinus
905 4140 976 4196 inse
1108 4133 1154 4192 Sic
1163 4136 1246 4212 multa
1260 4146 1382 4194 extorres
1395 4139 1643 4212 comitaturgratia.
1657 4156 1771 4211 quorum

270 4227 393 4287 Condate
402 4226 513 4293 invidia,
523 4232 552 4282 et
562 4225 674 4282 fratrum
684 4227 770 4284 liuore
782 4242 891 4284 suornm
905 4237 956 4299 est,
1110 4223 1192 4281 luxit
1204 4224 1384 4297 multiplicans
1393 4242 1443 4300 per
1455 4229 1564 4284 nomina
1577 4228 1652 4285 mille
1667 4239 1793 4302 nepotum

270 4316 486 4378 flestiasalriflca
499 4320 564 4375 dum
573 4318 672 4390 pendet
680 4320 714 4376 ab
727 4319 824 4376 arbore
837 4319 933 4378 factus.
1109 4312 1270 4384 Progeniem
1280 4306 1541 4387 deusomnipotens,
1553 4331 1700 4390 regemque
1712 4315 1819 4376 Cenum

269 4409 388 4467 iiicolim
401 4407 809 4479 mtesuipmsensitmndidus
822 4408 890 4464 Abel
1109 4402 1467 4477 Essedsditpoputisqons
1480 4407 1588 4477 cingere
1600 4408 1821 4467 moenibnsnrltes

268 4499 397 4556 lnridiarn
407 4498 497 4556 fratris
511 4517 518 4553 :
533 4514 595 4557 uam
608 4514 670 4556 cum
683 4499 717 4556 de
727 4498 803 4569 trum
816 4499 918 4556 litasset
1110 4493 1223 4563 Erudit,
1236 4496 1373 4568 praelonga
1385 4496 1479 4553 uidens
1491 4497 1519 4554 in
1532 4506 1656 4570 tempora
1670 4509 1760 4556 natos.

140 4652 144 4668 ι
269 4588 324 4647 fste
340 4605 400 4658 sun,
414 4578 493 4647 niveo
505 4589 551 4647 ille
564 4604 644 4660 aquo,
659 4605 723 4646 mox
737 4590 858 4661 protinus
868 4590 952 4646 altum
1072 4584 1100 4645 l)
1145 4586 1250 4646 interea
1263 4599 1360 4647 moesto
1373 4605 1479 4647 rursum
1492 4592 1581 4663 gravis
1595 4592 1652 4652 Era
1668 4595 1775 4661 marito,

269 4680 299 4737 ln
308 4683 405 4738 caelum
418 4682 539 4738 ascendit
548 4682 688 4739 combusto
702 4677 789 4737 fumus
799 4682 833 4737 ab
842 4695 923 4750 agno.
943 4744 946 4747 ,
1109 4675 1239 4734 Peosarat
1251 4679 1366 4750 primum
1377 4688 1471 4738 sancto
1481 4680 1538 4751 jam
1551 4682 1664 4754 pignore
1673 4682 1808 4749 damnum,

269 4772 306 4828 At
318 4781 412 4829 contra
425 4787 476 4844 per
484 4774 565 4829 inane
577 4771 673 4829 volans
685 4770 719 4828 de
733 4770 852 4843 turgens
866 4770 919 4828 iilis
1108 4765 1326 4838 Reddideratqne
1340 4767 1436 4824 iterum
1450 4776 1513 4824 nata
1525 4768 1582 4840 jam
1595 4771 1672 4841 prole
1685 4772 1789 4843 parenti

270 4863 301 4921 lu
314 4871 414 4919 terram
427 4862 507 4918 rediit
520 4860 632 4932 fugienti
644 4859 732 4917 fumus
742 4860 850 4932 olympo
867 4879 874 4915 :
1108 4853 1269 4925 liultipfices
1283 4855 1363 4910 animi
1374 4871 1464 4925 coras,
1475 4865 1504 4913 ct
1513 4858 1598 4914 mixta
1611 4858 1706 4915 labore

270 4955 325 5010 Aut
338 4951 411 5022 qued
422 4952 529 5023 peiores
540 4952 654 5009 nomino
664 4942 830 5019 monuerat,
840 4960 887 5008 aut
897 4953 970 5023 quod
1108 4944 1210 5003 Gaudia
1225 4946 1311 5003 :Seth
1326 4960 1409 5018 puero
1423 4963 1522 5005 nomeu
1535 4947 1636 5016 fecere,
1651 4950 1711 5006 uice
1724 4949 1789 5005 Abel

269 5043 312 5102 titt
320 5059 375 5102 non
388 5050 494 5113 gratum
504 5051 555 5112 est,
566 5044 657 5099 animo
669 5041 743 5114 qnod
757 5041 848 5114 prodit
859 5058 952 5099 avaro.
1109 5036 1194 5105 Quem
1206 5037 1280 5094 dedit
1297 5039 1468 5110 omnipotens
1480 5039 1532 5098 illis
1547 5039 1618 5098 ileos
1630 5060 1636 5096 :
1648 5042 1722 5102 unde
1734 5049 1819 5099 secute
1829 5044 1865 5096 esf

270 5134 336 5192 lude
347 5135 415 5191 Cain
425 5143 516 5190 umen
529 5134 638 5189 insanas
650 5131 840 5190 dammaturin
854 5132 919 5198 iras,
1109 5128 1266 5194 Posterius,
1282 5128 1358 5199 cuius
1367 5128 1403 5186 de
1415 5131 1519 5188 semitm
1528 5131 1629 5203 prodiit
1640 5131 1722 5201 linos,
1768 5195 1774 5214 ι

270 5221 830 5292 luridiaeduceosilfodefuuterenenum,
954 5256 959 5265 ·
1109 5219 1161 5287 Qui
1174 5220 1276 5291 primus
1286 5220 1367 5276 tacita
1380 5219 1466 5277 lectus
1475 5222 1574 5279 virtute
1586 5223 1722 5289 sacerdos,

271 5316 349 5376 Unde
362 5314 518 5388 propinarat
528 5327 651 5384 serpens,
664 5312 828 5384 fratremque
842 5313 954 5370 cauendi
1110 5307 1193 5364 Poste
1205 5308 1278 5364 clere
1291 5308 1342 5379 pila
1356 5310 1490 5380 precluus,
1505 5320 1625 5382 votoque
1636 5321 1772 5384 potentem

269 5405 405 5481 ignarum,
415 5419 485 5463 seua
494 5411 640 5461 mmmm
652 5405 725 5461 cede
738 5405 864 5461 trucidat.
1109 5397 1243 5468 operantu,
1258 5399 1518 5469 neumnensium,
1533 5402 1717 5473 populumque
1731 5411 1842 5461 senem

306 5495 494 5559 lfenfacinns!
506 5495 566 5564 Quo
576 5508 631 5550 non
644 5493 757 5550 miseros
767 5495 867 5551 furiosa
880 5495 973 5560 libido,
1110 5487 1217 5554 lithulf,
1231 5489 1325 5544 {lierni
1338 5489 1441 5546 culfum
1452 5503 1559 5546 servare
1572 5488 1707 5548 Parentis.

271 5589 332 5657 Quo
342 5603 398 5644 noo
411 5587 562 5652 ira‚receos
575 5584 676 5650 odium,
689 5593 717 5639 et
730 5584 771 5639 uis
784 5585 905 5654 improba
915 5587 1006 5656 uegit?
1110 5577 1193 5650 euius
1206 5580 1241 5635 de
1252 5581 1323 5637 serie
1333 5581 1437 5652 pollens
1448 5580 1590 5638 virtutibus
1604 5580 1699 5640 Enoch

269 5679 339 5748 Quid
347 5686 434 5736 meret
446 5678 577 5734 innocuus
590 5673 691 5729 frater?
700 5687 764 5729 uum
776 5670 894 5729 sanctior
907 5673 952 5729 ilie
1110 5669 1292 5737 Descendens,
1306 5671 1408 5728 meritis
1420 5670 1502 5725 stiam
1514 5686 1568 5727 non
1583 5670 1671 5743 impar
1684 5672 1769 5737 eritis,

270 5766 349 5835 Quod
361 5767 420 5835 fuit,
434 5765 551 5824 interimi
561 5765 675 5823 meruit?
685 5762 741 5833 jam
754 5762 973 5833 lactepareutum
1111 5765 1240 5823 Redditus
1250 5767 1276 5822 io
1290 5766 1367 5824 sedes
1380 5768 1479 5838 patrias
1492 5768 1641 5839 urbemque
1649 5769 1768 5836 beatum,

271 5857 378 5913 ilorrest
387 5858 530 5923 posteritas
543 5855 615 5926 quod
631 5855 776 5928 quidquam
789 5863 909 5924 accuset,
924 5863 951 5911 et
963 5856 1013 5927 ipsi
1111 5856 1182 5914 Viuit
1192 5857 1289 5927 adhuc,
1304 5857 1421 5916 ctfrabet
1431 5857 1492 5917 rite
1503 5858 1559 5929 iam
1569 5872 1651 5930 reque
1664 5858 1766 5916 future.
