4034 6184
757 293 786 348 S.
806 287 977 348 PAULINUS
994 284 1153 344 notanus
1169 280 1367 341 saiwands,

606 661 609 667 ,
663 542 1457 698 PROLEGOMENA.

902 944 1220 1029 PRAEFATIO.

283 1152 375 1211 Sancti
390 1148 477 1206 Pontii
491 1145 603 1218 lleropii
615 1142 719 1200 Paulini
732 1155 813 1212 opera
827 1155 841 1196 a
855 1140 962 1197 nemine
975 1141 1041 1199 satis
1055 1144 1078 1204 A
1092 1150 1167 1201 erat:
1182 1155 1276 1198 uerum
1306 1142 1378 1212 quod
1390 1143 1448 1198 bne
1465 1141 1550 1199 veluti
1566 1141 1678 1214 disiecta
1700 1144 1820 1201 membra
1846 1145 1883 1201 ab

249 1261 299 1318 pro
312 1243 440 1315 dignitate
454 1241 595 1309 boclanda,
606 1240 652 1312 qui
666 1241 693 1296 in
706 1238 753 1294 illo
769 1244 815 1293 ιιι
828 1235 1039 1306 eloquentissimi
1090 1235 1194 1303 reliquo
1212 1249 1327 1305 corpore
1343 1242 1544 1311 separarentur,
1556 1236 1582 1291 iu
1596 1237 1715 1292 omnium
1729 1238 1799 1294 rotis
1811 1245 1883 1302 erat,

249 1335 387 1406 scriptoris
396 1332 575 1390 eruditionem
587 1339 615 1388 et
628 1330 717 1395 idem,
731 1335 778 1383 aut
791 1327 883 1383 eximii
894 1327 963 1382 uatis
975 1324 1042 1380 divi-
1090 1333 1120 1382 ut
1138 1326 1165 1381 in
1179 1342 1262 1382 nuum
1274 1325 1467 1392 coalescerent,
1481 1334 1607 1397 essetque
1627 1326 1696 1383 adeo
1718 1335 1749 1383 ut
1766 1327 1883 1383 aliorum

250 1440 313 1483 uam
326 1433 444 1482 merrtem
461 1431 490 1480 et
511 1423 714 1495 intelligentiam
728 1419 867 1490 suspiciat,
880 1425 911 1474 ut
930 1416 1041 1473 lectori-
1091 1412 1210 1486 Patrem,
1230 1416 1267 1472 ita
1281 1423 1309 1472 et
1327 1413 1431 1471 Paulini
1452 1430 1566 1487 operum
1589 1415 1714 1473 absnlma
1738 1416 1833 1473 editio.
1849 1416 1886 1474 tir

250 1517 299 1574 bus
311 1531 362 1586 ego
376 1528 539 1587 magnopere
552 1512 750 1580 commendem,
764 1524 853 1579 neque
864 1507 979 1565 instituti
987 1508 1042 1563 mei
1090 1522 1156 1563 uero
1169 1507 1226 1563 baec
1239 1515 1297 1575 est,
1311 1506 1346 1563 sd
1359 1520 1440 1576 quam
1458 1505 1645 1564 contendimus
1662 1506 1816 1576 utilitatem,
1830 1506 1887 1564 boc

250 1607 418 1677 rationeque
431 1606 488 1678 ipsa
501 1604 601 1677 patitur
606 1601 769 1661 sanctissimi
780 1599 898 1657 auctoris
910 1606 1041 1670 prestan-
1092 1597 1192 1656 laboris
1205 1597 1291 1654 nostri
1304 1597 1473 1668 peltensium,
1488 1595 1623 1654 studuisse
1638 1606 1669 1653 ut
1681 1603 1710 1652 et
1720 1610 1792 1653 noua
1804 1611 1887 1654 aece-

251 1698 309 1754 tia:
334 1698 360 1753 iu
374 1711 455 1769 quem
474 1697 633 1768 praclarum
647 1694 713 1751 iliud
727 1693 843 1763 elogium
862 1691 977 1763 plurima
985 1689 1042 1760 iam
1092 1686 1188 1743 derent
1197 1695 1273 1745 rectu
1282 1702 1397 1759 qumque
1410 1687 1514 1757 ordine,
1527 1701 1676 1757 eorumque
1691 1687 1748 1759 ipsa
1764 1689 1887 1745 accessio

250 1788 296 1844 diu
313 1787 426 1854 samia,
443 1794 536 1856 totque
559 1785 674 1841 aliorum
695 1780 818 1847 Petrum,
839 1788 867 1836 et
880 1778 1044 1850 cumprimis
1092 1777 1177 1833 altera
1189 1777 1335 1834 donaretur
1348 1777 1540 1849 prerogativa,
1554 1785 1585 1833 ut
1602 1776 1679 1835 novis
1693 1777 1766 1834 curis
1777 1777 1812 1834 ab
1824 1777 1887 1850 ipso

251 1881 396 1947 Ambrosii,
420 1878 592 1950 Hieronymi,
604 1876 744 1948 Augustini
758 1872 911 1930 testimonia
933 1884 1046 1928 consen·
1093 1868 1197 1925 editore
1210 1876 1477 1937 recognoscerentur.
1493 1866 1582 1935 Quare
1593 1868 1775 1925 convertimus
1786 1883 1836 1925 uos
1849 1869 1886 1923 ad

251 1977 354 2038 serunt,
369 1984 501 2026 summurn
524 1969 550 2023 iu
566 1966 685 2024 Ecclesia
699 1965 781 2022 luisse
799 1964 897 2020 virum.
912 1962 948 2019 At
970 1961 1044 2018 enim
1093 1959 1128 2016 el
1151 1956 1344 2027 limatos-ium,
1364 1958 1505 2030 ipsumque
1518 1958 1597 2014 enixe
1615 1956 1834 2029 efflagitavimus,
1854 1969 1887 2015 ut

251 2060 323 2133 quod
335 2061 379 2116 illa
394 2060 518 2116 uniuersa
532 2074 604 2116 nurse
617 2061 732 2129 primum
742 2055 857 2113 collecta
870 2055 897 2110 in
907 2053 1044 2126 pubiicum
1094 2063 1163 2121 quas
1171 2046 1282 2105 multis
1270 2062 1328 2118 qam
1341 2047 1440 2105 abhinc
1453 2047 1531 2104 anuis
1545 2048 1572 2103 in
1585 2062 1618 2105 ea
1631 2057 1757 2121 poemata
1769 2050 1888 2107 excude-

251 2151 374 2223 proiero,
389 2151 412 2206 si
426 2150 490 2207 ulbii
511 2148 598 2215 aliud,
610 2149 664 2205 hoe
678 2156 753 2204 certe
766 2159 846 2217 spero
859 2152 1044 2200 assecuturum
1094 2144 1147 2204 rat,
1162 2131 1366 2194 dissertationes
1381 2146 1410 2194 et
1423 2144 1503 2195 notas
1511 2140 1662 2211 recoleret
1676 2149 1705 2196 et
1721 2141 1746 2197 si
1764 2156 1818 2213 qua
1834 2142 1889 2200 sibi

251 2257 296 2299 me
309 2240 405 2310 laudis,
425 2238 497 2311 quod
509 2254 603 2295 eorum
629 2239 782 2304 hominum,
797 2250 866 2306 quos
888 2243 1045 2291 sanctorum
1096 2227 1261 2286 veluberius
1283 2227 1528 2298 edisserenda,uel
1544 2231 1748 2301 quoquomodo
1768 2232 1888 2289 siderea·

253 2330 333 2388 lectio
347 2331 456 2385 Patrnm
467 2328 584 2385 delectat
594 2327 702 2399 (quibus
713 2323 932 2397 proiectocmuis
941 2322 1046 2381 doctm-
1095 2326 1140 2373 ιιι
1153 2317 1326 2386 immutanda,
1341 2319 1511 2388 edissereret,
1525 2318 1706 2393 nutaretque,
1719 2323 1767 2379 et
1760 2338 1788 2378 m
1798 2324 1888 2394 publi-

173 2398 176 2403 ’
253 2438 287 2479 na
304 2423 430 2491 elegans,
444 2419 532 2475 omnis
552 2415 720 2488 antiquitatis
741 2414 871 2471 memoria
882 2412 1045 2485 continetur)
1096 2424 1168 2475 cum,
1183 2410 1261 2481 cujus
1273 2411 1391 2468 maxime
1407 2411 1544 2469 studiosus
1556 2420 1608 2481 est,
1622 2413 1724 2468 bouum
1741 2413 1888 2472 conterret.

253 2513 349 2572 studiis
360 2509 552 2568 consuluerim.
567 2507 633 2564 liam
647 2508 698 2566 etsi
711 2505 782 2565 baud
805 2505 883 2563 multi
896 2503 1046 2564 taciendam
1061 2503 1084 2567 B
1097 2500 1187 2571 Quiet
1207 2503 1322 2575 benigne
1336 2504 1431 2575 annuit
1444 2512 1475 2561 ut
1487 2513 1529 2563 est
1543 2504 1577 2562 ad
1596 2513 1671 2564 reeta
1684 2507 1775 2564 omnia
1788 2515 1817 2563 et
1838 2506 1888 2564 lto-

254 2605 352 2674 seutio,
365 2620 446 2676 quam
459 2603 487 2659 iu
502 2603 534 2659 iis
547 2601 703 2672 colligendis
716 2599 835 2672 impendi
850 2612 978 2669 operam,
996 2613 1048 2655 uec
1098 2603 1175 2651 uesta
1196 2595 1286 2652 studia
1297 2596 1523 2667 promptissimus,
1538 2611 1645 2666 suoque
1658 2597 1828 2669 potissimum
1849 2596 1890 2653 ia-

254 2697 328 2770 quod
341 2695 462 2753 nonnulli
476 2710 547 2752 nuuc
566 2694 677 2761 iaciunt,
688 2707 723 2750 ex
735 2706 804 2763 pura
814 2698 933 2762 putaque
945 2689 1049 2746 alieuo·
1097 2700 1164 2742 vore
1178 2684 1278 2744 iactum
1290 2693 1343 2754 est,
1358 2695 1388 2743 ut
1399 2687 1536 2757 egregium
1550 2689 1635 2746 boece
1650 2704 1718 2761 opus
1735 2698 1836 2762 quanta
1856 2689 1889 2747 ii·

254 2802 314 2845 rum
339 2785 517 2856 descriptione
543 2784 727 2858 συνταγμάτων
749 2779 847 2837 [amam
866 2779 937 2836 iuter
956 2777 1048 2836 antdi-
1101 2778 1158 2835 cuit
1169 2792 1234 2834 cura
1248 2778 1395 2850 expolitum
1407 2778 1721 2852 prodiretinpublicum.

254 2887 298 2934 tos
310 2890 445 2948 aucupor:
459 2873 539 2929 uideo
552 2881 643 2928 tamen
656 2878 786 2942 quantum
800 2885 835 2927 ex
848 2869 920 2927 bae
912 2884 971 2940 rpsa
983 2883 1049 2925 cura
1133 2869 1193 2926 lam
1205 2885 1258 2941 qua
1271 2870 1297 2926 id
1313 2871 1418 2928 mdone
1430 2871 1466 2927 sit
1484 2872 1647 2942 prestitum,
1661 2873 1753 2944 paucis
1771 2850 1890 2929 comme·

255 2969 378 3026 utilitatis
402 2976 430 3024 et
455 2964 591 3023 commodi
615 2964 650 3021 ad
669 2979 726 3021 rem
742 2962 921 3020 Christianam
941 2975 1049 3017 sacras·
1098 2961 1221 3019 morabu
1236 2960 1302 3029 Qua
1314 2963 1419 3018 tribus
1412 2979 1439 3019 m
1459 2971 1567 3035 quarto,
1582 2972 1612 3019 ut
1626 2971 1732 3030 sonant,
1748 2964 1828 3021 turnis
1841 2979 1889 3020 an

255 3076 308 3133 que
329 3059 444 3116 litteras
467 3056 583 3123 eveniat,
598 3055 706 3126 qnando
719 3068 813 3111 eorum
833 3067 947 3123 operum
969 3050 1050 3107 adcr-
1097 3061 1143 3109 tea
1166 3052 1383 3120 continebantur,
1409 3053 1464 3111 hoc
1484 3070 1535 3111 nus
1559 3069 1614 3110 uno
1638 3057 1894 3126 comprehendimus

256 3157 337 3207 natur
349 3148 442 3214 editio,
456 3161 516 3217 quae
529 3161 590 3202 cunr
600 3145 642 3203 sui
655 3144 753 3201 merito
765 3143 845 3199 nullis
859 3141 943 3199 terme
954 3156 1050 3198 secun
1098 3145 1251 3213 volumine3
1266 3144 1408 3203 tribuimus
1420 3155 1511 3203 autem
1526 3146 1554 3203 in
1572 3146 1640 3205 duas
1657 3156 1748 3220 partes
1765 3152 1891 3207 universa

256 3239 290 3294 da
312 3240 381 3306 siut,
405 3237 524 3293 nondum
548 3245 637 3291 tamen
659 3235 763 3304 integra
776 3233 909 3304 simulque
930 3231 1049 3289 numeris
1098 3242 1277 3307 syntagmata,
1290 3249 1405 3306 quarum
1419 3237 1504 3294 altera
1517 3253 1578 3310 (ιιι
1589 3238 1888 3299 solntaoratioueeon

257 3328 381 3384 omuibus
392 3327 561 3384 absolutam
573 3326 668 3397 uulgus
688 3324 860 3397 prodierant,
875 3331 907 3378 ut
919 3322 1050 3378 uetustio-
1098 3332 1181 3393 stant,
1193 3327 1279 3383 altera
1292 3328 1480 3399 quapoeticis
1496 3328 1625 3396 uumeiis,
1638 3332 1773 3417 complexi
1786 3348 1888 3390 sumus.

256 3434 301 3476 ros
314 3418 445 3484 omittam,
456 3416 544 3486 deque
557 3431 619 3483 una,
634 3429 694 3487 quac
707 3415 826 3471 omnium
847 3420 982 3491 postrema
996 3421 1049 3482 est,
1099 3413 1147 3471 llis
1165 3415 1311 3472 succedere
1326 3408 1456 3487 jussimus
1474 3419 1631 3490 appendicis
1649 3421 1710 3477 loeo
1723 3429 1785 3492 post
1802 3437 1889 3493 paam

258 3507 400 3563 Parrsrensr
410 3505 507 3571 dream
519 3514 578 3562 erat
589 3506 634 3561 sila
643 3504 751 3575 qmdcm
761 3503 929 3562 celebernmr
938 3505 1050 3576 presby
1098 3506 1222 3577 quaedam
1242 3507 1382 3578 utriusque
1399 3510 1506 3579 generis
1524 3512 1668 3583 opuscula,
1687 3525 1748 3582 qua
1762 3511 1830 3570 laiso
1849 3521 1889 3569 ιι·

258 3596 431 3655 nitrosum
447 3595 573 3667 baptiste
592 3595 630 3652 Le
650 3594 723 3651 Brun
736 3593 825 3651 studio
839 3608 904 3651 sane
917 3608 1049 3665 perquam
1098 3611 1160 3655 men
1186 3595 1300 3655 Paulino
1331 3599 1519 3668 ascribuntur,
1552 3603 1730 3660 vetustiorum
1756 3604 1890 3662 aditorum

256 3689 360 3746 erudite
374 3702 408 3745 ac
429 3686 572 3756 diiigemm
586 3686 760 3752 concinnata,
778 3684 813 3741 ad
824 3684 941 3757 plurium
953 3698 1049 3739 manu·
1099 3695 1188 3757 nolas,
1203 3688 1408 3746 dissertationes
1421 3698 1449 3747 et
1462 3693 1666 3761 commentaria,
1679 3709 1739 3765 qua
1759 3694 1889 3751 Parisios-

257 3779 416 3848 scriptoruru
430 3776 551 3832 codicum
567 3783 663 3833 exacta
682 3773 777 3840 iidem,
789 3775 861 3830 uotis
876 3776 910 3830 ac
923 3772 1049 3829 disserta-
1099 3775 1137 3833 sis
1156 3793 1239 3849 quam
1266 3777 1433 3836 laudavimus
1462 3790 1600 3852 postrema
1623 3784 1707 3841 editio
1732 3787 1795 3842 anni
1822 3784 1890 3841 lust

257 3861 374 3926 tionibus
395 3869 525 3923 illustrata
547 3867 773 3925 luculentissimis.
791 3867 888 3924 Verum
910 3882 972 3924 cum
994 3882 1048 3923 non
1062 3869 1086 3934 c
1101 3868 1301 3925 accuratissime
1327 3881 1504 3942 repraesentat
1524 3887 1639 3931 :curam
1661 3890 1758 3947 nempe
1770 3893 1889 3943 omnem,

258 3977 310 4017 una
331 3969 376 4015 aut
390 3958 475 4013 altera
494 3959 597 4028 priuata
610 3959 734 4028 epistola,
754 3958 802 4013 sed
816 3958 919 4027 integra
932 3966 1049 4029 quatuor
1098 3971 1179 4028 quam
1199 3967 1254 4015 tres
1275 3958 1423 4017 doctissimi
1448 3977 1465 4019 e
1490 3964 1620 4021 societate
1641 3962 1704 4022 lesu
1731 3966 1889 4040 presbyteri,

257 4059 395 4122 pucurata,
409 4064 472 4119 pars
495 4047 577 4102 tutius
592 4046 681 4116 oqueris
695 4045 871 4114 nobilissima,
884 4044 1050 4102 desiderare·
1100 4049 1222 4105 Andreas
1245 4049 1388 4116 Scirottus,
1412 4051 1569 4110 floribertus
1598 4055 1763 4127 iiosweydus
1782 4065 1808 4111 et
1839 4055 1891 4114 Pe-

257 4150 310 4205 tur,
325 4154 384 4210 quae
399 4146 548 4208 temporum
567 4134 721 4191 infelicitate
731 4134 849 4191 noudum
862 4136 889 4191 iu
902 4134 968 4191 lueis
981 4148 1048 4193 con-
1099 4148 1157 4196 trus
1179 4139 1339 4197 Frarscisous
1358 4141 1508 4200 Chillletius
1530 4144 1718 4211 adhibuerunt,
1733 4160 1795 4202 cum
1811 4162 1890 4204 suam

258 4240 379 4301 spectum
401 4236 547 4297 venerant,
561 4227 654 4282 aberat
675 4239 783 4296 quoquc
806 4226 881 4281 illaa
903 4227 993 4285 nativa
1006 4228 1049 4284 sui
1098 4230 1211 4301 quisque
1229 4238 1349 4302 spartam
1363 4231 1517 4291 adornaret.
1542 4233 1602 4293 Uno
1619 4238 1704 4294 uerbo
1722 4252 1782 4293 cam
1802 4239 1890 4309 ipsam

258 4317 411 4387 integritate
425 4324 541 4384 tantum,
554 4323 683 4386 quantum
697 4315 762 4372 iliud
775 4317 809 4373 ab
828 4317 936 4372 humaui
952 4332 1049 4389 corpo-
1099 4325 1245 4383 ιᾱῑιιοιιιι
1254 4341 1314 4398 qum
1327 4337 1438 4386 auctore
1451 4329 1551 4387 Bruuio
1569 4330 1679 4402 prodiit,
1693 4341 1822 4403 perpetua
1835 4332 1891 4390 ier-

256 4408 295 4466 ris
308 4407 488 4481 perfectione,
504 4406 547 4462 cni
566 4421 614 4461 ora
635 4420 764 4464 manusve
785 4406 883 4463 luerint
905 4416 1050 4480 amputatae
1099 4417 1321 4488 materiemque
1334 4418 1429 4475 ordine
1442 4420 1519 4490 sequi
1535 4419 1623 4487 libuit,
1636 4420 1670 4476 ad
1686 4420 1799 4493 ejusque
1812 4423 1890 4493 inqu.

259 4501 354 4558 ambae.
367 4499 486 4569 Contigit
495 4513 559 4555 uero
574 4497 727 4556 felicissimo
737 4509 858 4557 ueterum
872 4501 1051 4557 monimenta
1099 4507 1174 4563 nium
1187 4508 1316 4564 cantiam
1329 4523 1390 4578 qun
1404 4509 1511 4566 noviter
1521 4518 1703 4577 accesserunt,
1716 4510 1888 4585 digessimus,

260 4606 319 4647 rum
340 4590 490 4662 indagaturi
510 4598 592 4660 atque
612 4589 752 4663 interpreti
774 4590 808 4648 ci.
832 4592 890 4649 tiro
912 4589 1050 4650 Ludoulcn
1099 4595 1232 4664 Quoniam
1244 4613 1311 4657 vern
1322 4599 1349 4656 id
1362 4609 1457 4671 optare
1466 4600 1598 4672 quispiam
1611 4610 1747 4673 potuerat,
1763 4611 1793 4660 ut
1806 4620 1890 4676 quau-

260 4681 377 4739 Antouio
390 4679 537 4737 Muratorio
550 4681 607 4752 ipsa
617 4680 662 4737 iila
676 4688 792 4751 quatuor
801 4691 926 4753 poemata
938 4697 973 4739 ex
986 4683 1051 4738 Am·
1099 4687 1205 4746 dohaec
1217 4705 1270 4746 uno
1280 4691 1416 4747 uolumine
1428 4692 1683 4764 complectebamur,
1693 4695 1815 4765 quedam
1823 4711 1890 4768 pm.

260 4774 400 4839 bldsilssae.
415 4787 475 4842 (llae
489 4770 630 4828 Μθιῑῑῡῐθῠί
644 4779 696 4837 0⁵1,
711 4773 879 4830 bibliotbccae
892 4790 955 4831 mss·
969 4790 1049 4832 erue·
1099 4781 1189 4852 posito
1208 4783 1294 4851 magis
1310 4785 1586 4853 accommodarentur,
1612 4801 1647 4843 ne
1665 4800 1715 4842 suo
1732 4788 1785 4845 isto
1803 4789 1889 4847 lectur

260 4878 299 4930 re,
313 4861 582 4932 iacturamquerllam
594 4862 801 4931 eogravinrem,
815 4862 889 4934 quod
903 4865 986 4921 series
1000 4881 1049 4920 na·
1099 4878 1165 4928 vote
1187 4873 1333 4942 excideret,
1357 4882 1385 4928 et
1405 4872 1549 4932 frustratus
1572 4875 1656 4933 videri
1677 4887 1778 4947 posset,
1801 4879 1887 4935 visan.

260 4951 353 5019 talium
371 4951 400 5007 S.
415 4950 512 5009 Felicis
530 4952 744 5024 intercipcretur,
758 4969 818 5026 quae
837 4955 965 5024 singulari
982 4970 1050 5028 poe-
1099 4962 1185 5017 sancti
1198 4964 1316 5020 auctoris
1338 4964 1445 5036 seriptis
1464 4966 1523 5037 ejus
1540 4969 1746 5038 prmposuimus,
1761 4969 1888 5028 elenchus

261 5052 333 5099 mate
347 5044 485 5101 celebrare
508 5042 635 5101 Paulinus
649 5047 792 5115 quotannis
806 5057 993 5112 consueuerat,
1009 5062 1051 5104 re-
1099 5064 1217 5121 quoquc,
1237 5053 1294 5108 sive
1309 5053 1412 5109 tabulas
1432 5071 1494 5110 cum
1507 5057 1692 5127 epistularum,
1708 5067 1764 5115 turn
1779 5075 1888 5129 poema-

261 5138 370 5193 sarcire.
382 5136 448 5193 Cum
462 5137 587 5194 tantlres
601 5145 681 5201 asset,
698 5139 1050 5208 necpatiuirdoetissimus
1100 5148 1167 5206 tum,
1183 5143 1289 5211 utrique
1303 5144 1371 5214 parti
1395 5145 1603 5214 prmlisimus,
1628 5148 1735 5217 aliaque
1757 5148 1783 5205 id
1804 5162 1888 5219 gernirs

261 5237 361 5300 posset,
374 5228 472 5284 diutius
488 5229 652 5285 monimenta
662 5229 706 5285 illa
721 5236 796 5285 tauto
805 5244 940 5286 sacrarum
954 5247 987 5288 ac
1000 5246 1051 5303 po·
1063 5232 1283 5308 Dprustitimus,
1293 5238 1324 5287 ιιι
1336 5248 1386 5289 ιιι
1396 5234 1483 5291 minus
1497 5236 1637 5306 elegantiae
1648 5236 1815 5293 satisfactum
1830 5235 1887 5292 ιιι-

262 5319 379 5374 iitiorum
396 5317 545 5374 litterarum
559 5319 694 5393 impendio
708 5335 770 5377 cum
779 5296 869 5376 blatis
889 5321 1047 5390 corrilictari,
1099 5325 1147 5393 rit,
1161 5341 1212 5381 nec
1224 5324 1326 5394 aisqurd
1334 5326 1444 5383 utilitati
1457 5328 1619 5397 detractum,
1629 5337 1676 5385 aut
1686 5329 1830 5399 legentium
1846 5345 1888 5384 vo

263 5425 294 5464 uc
306 5409 395 5474 tineis
408 5409 520 5464 seorsim
534 5418 589 5466 uuo
603 5409 803 5467 Anecdotorum
816 5420 890 5467 torno
903 5413 994 5470 edidit
1009 5413 1050 5471 lta
1102 5414 1207 5486 luptati,
1222 5414 1285 5470 dum
1300 5417 1390 5471 omnia
1404 5432 1464 5486 quse
1474 5418 1508 5473 ad
1522 5419 1660 5489 seripturis
1673 5421 1758 5476 nostri
1770 5435 1888 5476 commu-

260 5498 378 5568 drmum,
391 5494 463 5568 quod
476 5498 572 5555 saitem
587 5500 643 5556 baec
653 5508 758 5570 spectat
772 5500 908 5573 Natalitia,
923 5505 996 5560 salsa
1008 5520 1051 5561 res
1103 5507 1206 5562 diorem
1221 5506 1364 5562 lectionem
1386 5505 1497 5574 iaciunt,
1520 5524 1573 5565 uuo
1597 5518 1692 5568 tenore
1709 5519 1892 5581 contextoque

1797 5829 1963 6175 A}

299 5671 373 5726 ‘Nos
392 5686 482 5727 luntres
496 5672 598 5728 indices
619 5673 644 5726 iu
670 5689 750 5728 unum
774 5691 870 5745 corpus
887 5676 918 5730 ad
942 5679 1042 5733 caluom
1056 5680 1135 5751 buius
1149 5678 1308 5748 Patrologim
1325 5682 1390 5736 tomi
1404 5682 1568 5750 collegimus
1586 5683 1661 5741 Eum.
