4034 6184
139 250 205 308 ‚pn
707 242 751 297 nn
771 242 1045 314 virasnmnm
1062 256 1128 314 nn.
1150 259 1182 313 u.
1496 212 1501 219 ⁴
1701 260 1769 316 rinos

139 363 200 421 llaec
210 362 259 418 tibi
272 361 342 419 dona
356 360 452 431 linunt,
462 363 509 432 qni
519 361 654 434 quondam
663 363 733 420 retia
742 362 822 434 iussit
939 372 966 433 Α
980 367 1095 425 llumida
1105 370 1255 441 nigrantem
1269 375 1439 443 pretendunt
1451 375 1552 432 uellera
1566 384 1668 431 erutum

137 454 241 510 liuoere
251 460 384 509 nocturno
397 452 531 518 incassum
544 453 683 510 molimine
691 453 779 511 lessos

138 544 288 617 Discipulos
299 546 409 603 mittens
418 560 589 605 numerosam
601 547 630 602 in
642 547 711 603 retia
722 547 856 619 pendan,

138 634 308 693 concludens
320 634 405 692 lectos
414 644 507 692 saneta
521 636 554 692 ad
568 637 691 693 convivia
700 637 788 708 pisces

138 726 212 796 Quos
225 727 305 783 medii
316 727 441 798 abreptos
450 728 558 798 penitus
566 728 600 784 de
611 728 717 786 turbine
730 729 824 786 mundi

137 817 179 874 Ad
196 817 338 891 Dominum
353 817 472 874 traheret
485 826 586 875 sanctae
598 818 720 875 doctriua
733 818 805 876 tidei.

174 910 252 981 sepe
265 909 337 965 Deus
348 909 435 965 uoluit
445 910 570 965 meritum
583 909 697 965 sublime
710 910 783 967 beati

138 999 259 1058 illustres
267 999 390 1071 prolerre
402 1000 486 1067 uiros,
498 1015 552 1070 qno
562 1000 670 1067 clarius,
683 1000 736 1057 illis

138 1091 262 1148 Testibns
274 1090 408 1148 extulerat
421 1091 528 1164 penitus
542 1106 610 1161 quos
620 1092 706 1162 gloria
719 1093 823 1162 mundi,

138 1180 246 1238 Prolata
258 1181 286 1236 in
297 1182 412 1252 populos
425 1181 553 1237 virtutum
566 1183 642 1252 signa
656 1183 797 1239 micarent.

136 1270 204 1327 Nam
217 1279 300 1342 geste
314 1273 404 1328 clarus
418 1278 475 1327 tnm
489 1272 607 1329 culmine
620 1273 786 1344 preteetnre

136 1359 277 1426 llrborius,
292 1360 359 1417 uidit
369 1360 518 1431 fulgentum
532 1360 592 1417 lnce
602 1361 748 1417 micantem

136 1448 321 1515 Gemmarum,
337 1449 400 1505 dnm
411 1456 504 1506 saneta
520 1449 578 1506 Deo
591 1450 722 1506 solemnia
735 1450 824 1508 delcrt

135 1538 242 1595 llartiui
253 1539 377 1597 rutilasse
389 1553 516 1608 manum,
531 1540 677 1610 lumenque
696 1555 839 1600 coruscum

134 1627 241 1686 vestire
252 1629 362 1700 ignitam
373 1629 493 1700 pretioso
502 1629 606 1685 murice
616 1628 749 1696 deatum,

134 1720 170 1777 Et
180 1722 335 1779 collisomm
347 1721 466 1792 lapidum
479 1721 612 1792 crepitare
623 1720 767 1790 fragorem.

132 1810 194 1869 Non
207 1811 275 1869 tales
286 1812 384 1868 vexilla
394 1810 493 1868 ducum
506 1811 619 1882 pinxere
631 1812 730 1882 lapilli,

134 1901 209 1957 Talia
224 1916 274 1959 nec
286 1901 390 1958 montes
398 1915 492 1971 regum
503 1900 654 1969 dedomata
665 1892 785 1975 niumm,

133 1994 187 2050 Sed
195 1994 290 2065 quales
302 1992 384 2049 claris
396 1999 552 2049 sanctorum
562 1992 590 2047 in
601 1989 655 2049 doe
668 1992 776 2049 coronis

133 2080 367 2138 luserit'emeritas
380 2081 487 2139 bomini
498 2081 633 2137 sannatia
647 2096 777 2153 gemmas.

133 2169 189 2227 Nec
201 2170 314 2228 durbium
326 2172 392 2242 quin
401 2172 543 2244 precipue
557 2173 692 2243 probitate
706 2173 768 2230 lldei

133 2259 210 2316 Ultra
223 2261 360 2318 bominem
374 2262 450 2317 vario
459 2262 589 2317 virtutum
599 2260 668 2320 llore
681 2271 815 2332 connect,

133 2350 219 2417 Quem
229 2365 322 2419 coram
335 2351 449 2421 angelici
460 2351 586 2409 meritum
599 2352 697 2409 solatia
710 2354 785 2410 verbi

133 2436 261 2495 ilistorici
275 2440 338 2497 ielis
353 2441 572 2511 testaturpagina
586 2440 659 2498 libri.

132 2527 201 2583 Nam
221 2544 282 2585 eum
295 2529 439 2587 Treverica
452 2539 614 2601 permoestns
627 2531 662 2587 ab
675 2532 741 2589 urbe
754 2532 869 2602 rediret,

133 2617 164 2675 ln
173 2633 226 2688 qua
237 2618 302 2676 dum
311 2620 416 2678 miseris
430 2621 499 2677 irato
508 2635 572 2693 rege
583 2622 710 2692 pavescit,

133 2711 284 2780 interitum,
297 2729 413 2784 qnorum
422 2714 505 2769 uitam
518 2715 646 2784 poscebat
659 2716 693 2771 ab
708 2715 766 2786 ipso

90 2840 94 2849 ·
133 2800 295 2873 Compulsus
306 2804 445 2875 proprium
460 2804 568 2876 panium
582 2804 673 2859 larurc
686 2806 820 2875 rigorem:

133 2891 225 2948 ilitior
238 2893 273 2950 ad
282 2895 389 2965 culpam
402 2903 561 2966 respexerat
573 2893 736 2950 ithacianam

132 2981 271 3041 llamnatse
282 2983 412 3054 impulsus
421 2984 569 3040 elementer
579 2999 689 3053 parcere
703 2998 800 3049 cause,

133 3071 169 3128 Et
182 3088 309 3146 reparare
323 3075 373 3144 piae
382 3088 488 3130 rursum
500 3088 571 3129 nora
586 3073 686 3129 ioedera
700 3073 782 3144 pacis.

133 3161 213 3219 llunc
222 3163 304 3233 igitur
318 3163 398 3220 nimis
410 3161 538 3219 afflictum
551 3177 667 3220 moerore
678 3165 800 3220 revisens

134 3254 264 3323 Angelus,
275 3254 396 3324 alloquio
409 3269 500 3312 coram
511 3252 670 3310 manifestus
683 3264 710 3310 et
720 3269 768 3310 ore

134 3345 236 3401 Detulit
249 3345 283 3401 ad
298 3354 422 3402 moestum
437 3345 534 3402 solatia
547 3344 661 3402 blundus
674 3347 801 3413 amicum,

135 3435 221 3493 Anxia
232 3437 338 3495 collatis
351 3438 520 3508 permulcens
530 3438 633 3495 viscera
647 3439 748 3503 uerbis,

134 3526 254 3584 Consilio
268 3529 395 3585 mutanda
407 3528 524 3597 docens,
536 3530 679 3583 commissa
693 3527 841 3584 resolvens.

134 3616 210 3673 Talia
221 3618 347 3690 praecipui
360 3618 469 3688 signans
482 3618 615 3690 preconia
628 3617 696 3672 vatis

136 3708 291 3766 Zachariam
303 3718 399 3765 sancto
408 3710 526 3766 coelestis
542 3709 653 3765 nuntius
666 3723 714 3764 ore

135 3797 267 3855 Exorsnm
276 3799 364 3858 sancti
375 3798 438 3855 lecit
450 3797 595 3869 praedicere
609 3798 677 3866 nati,

135 3888 278 3960 Spondens
287 3897 429 3945 uenturam
443 3896 505 3961 post
515 3888 589 3959 iussa
603 3887 710 3946 silentia
721 3903 825 3945 rocem.

135 3979 256 4053 Denique
268 3997 322 4037 non
335 3982 421 4053 impar
433 3983 558 4038 meritum
572 3997 622 4053 par
639 3981 759 4053 prodidit
770 3982 847 4040 ordo.

136 4068 226 4140 litque
235 4070 273 4126 illi
287 4069 404 4138 soboles,
419 4071 458 4127 sic
471 4071 557 4140 gratia
572 4071 684 4141 contigit
694 4071 738 4127 isti

135 4162 241 4218 Clarius
254 4162 358 4231 adjecta
369 4163 499 4219 virtutum
513 4164 573 4219 luce
586 4179 741 4220 coruscans.

135 4253 203 4310 Nam
216 4270 287 4326 saepe
298 4255 424 4326 expulsas
437 4256 543 4326 captivo
557 4272 573 4310 a
584 4265 695 4327 pectore
712 4256 800 4313 laruas

134 4345 254 4404 Necdum
267 4349 406 4419 presentis
419 4349 508 4404 uerbis
519 4349 561 4404 vel
576 4362 643 4404 roee
656 4354 766 4403 coactas

136 4439 268 4497 Terrebat
279 4450 378 4499 sanctae
392 4441 456 4497 ielis
466 4441 564 4498 ricinia
579 4439 664 4503 celle,

135 4528 329 4601 Excedensque
339 4530 434 4601 procul
445 4529 586 4587 benedicta
599 4527 753 4584 habitacula
766 4527 861 4585 virtus.

135 4618 181 4676 Sic
193 4620 312 4676 distenta
322 4621 401 4676 nimia
412 4620 492 4691 longe
504 4620 612 4689 lateque
625 4619 761 4674 micabant

134 4707 298 4763 Praesentem
311 4708 417 4765 llomini
429 4708 555 4764 testantia
567 4709 641 4778 signa
654 4708 783 4764 latorem.

133 4799 190 4856 Nec
203 4800 262 4856 solo
275 4807 403 4856 contenta
417 4800 486 4866 solo,
500 4799 548 4855 sed
559 4799 679 4856 crebrius
693 4799 766 4869 ipsos

134 4888 242 4944 llartini
256 4888 340 4944 titulis
353 4887 448 4960 procul
461 4888 634 4960 inrumpentia
648 4889 744 4946 linctus

134 4978 233 5036 viuere
243 4980 374 5036 immenso
381 4979 478 5049 iactari
490 4979 596 5036 turbine
609 4988 710 5049 naute,

134 5067 203 5124 lium
218 5069 281 5125 iurit
290 5070 390 5126 insane
401 5068 545 5126 violentior
554 5068 625 5125 unda
638 5070 779 5141 procelle,

133 5158 271 5227 Quaiutum
284 5161 327 5218 rel
341 5161 401 5217 solo
418 5160 559 5232 prodesset
572 5163 682 5219 nomine
694 5172 813 5219 sanctus.

133 5250 261 5309 Sulcabat
272 5254 390 5310 medium
401 5241 541 5327 Tyrrheno
554 5269 688 5312 munnere
700 5264 813 5327 pontum

133 5339 257 5399 Extentis
270 5359 418 5415 properans
427 5345 524 5416 puppis
534 5360 584 5417 per
596 5345 693 5403 caernla
706 5346 783 5402 velis.

134 5431 246 5489 Concita
259 5434 407 5503 subjectum
418 5435 556 5492 scindebat
565 5451 644 5507 prora
657 5436 817 5506 profundum

135 5521 256 5579 Adverso
267 5523 388 5581 albentes
398 5524 566 5597 disrumpens
581 5533 692 5596 pectore
705 5524 801 5582 tinctus

135 5611 270 5682 linquens
281 5622 452 5685 spumantem
462 5615 574 5686 vestigia
588 5615 667 5684 longa
684 5615 798 5672 viarum.

135 5698 201 5755 Cum
214 5701 303 5759 subito
313 5702 450 5759 obtectum
462 5705 630 5774 pretendunt
643 5703 732 5781 nubila
744 5703 855 5773 coelum,

980 455 1016 514 Et
1027 458 1098 530 perit
1110 459 1136 514 in
1147 461 1226 532 piceo
1234 465 1342 534 penitus
1356 465 1401 520 lux
1415 466 1524 522 condita
1542 465 1644 521 nirrnbo.
1737 508 1742 515 .

978 543 1107 604 insistunt
1120 549 1202 606 ualidi
1213 560 1324 622 pontum
1339 556 1497 613 siubverterc
1505 556 1591 621 uenti,

979 632 1117 692 Fluctibus
1126 646 1155 694 et
1165 639 1281 696 madidae
1289 642 1378 699 rubria
1387 645 1534 700 miscentur
1543 659 1644 710 arcun,

979 722 1149 797 Franguntur
1160 729 1239 785 celsas
1249 732 1368 789 violento
1379 735 1484 790 turbiue
1494 735 1590 802 moles,

979 811 1067 871 Altius
1080 816 1153 873 elato
1165 832 1293 890 suspema
1307 824 1444 880 uolumina
1457 825 1540 882 ilnctu

979 905 1121 965 instabiles
1131 925 1238 967 sursum
1252 913 1362 970 nimium
1374 917 1494 973 tollentia
1505 919 1608 983 colles,

874 1012 878 1017 ·
980 994 1049 1051 lium
1060 998 1174 1054 redeunt
1186 1001 1288 1060 crebris
1297 1004 1437 1060 solvunnir
1449 1006 1531 1063 inacta
1551 1009 1644 1074 ruinis,

980 1082 1192 1159 Innumerosque
1203 1092 1298 1161 procul
1315 1093 1430 1150 reddunt
1441 1098 1552 1152 mrilasa
1566 1097 1696 1167 fragores.

979 1171 1048 1230 Veia
1060 1176 1169 1245 cadunt,
1183 1189 1313 1236 resonam
1327 1185 1440 1241 nennio
1453 1188 1568 1243 stridore
1577 1190 1714 1244 rudentes.

978 1263 1056 1321 Nune
1070 1266 1136 1324 latet
1145 1269 1267 1327 abscisso
1280 1273 1367 1329 uicina
1378 1275 1412 1331 ad
1422 1275 1512 1332 nubila
1524 1289 1626 1347 monte,

979 1354 1063 1410 Nutat
1076 1357 1104 1412 in
1118 1362 1227 1417 excelso
1236 1379 1343 1420 rursum
1356 1366 1427 1422 male
1442 1367 1557 1438 pendula
1571 1370 1653 1424 dorso
1674 1416 1677 1423 .

979 1441 1131 1518 Ancipitem
1143 1465 1236 1507 casum
1249 1462 1372 1511 metucns
1386 1456 1414 1510 in
1428 1466 1543 1527 utroque
1554 1457 1698 1529 profundo.

979 1534 1029 1592 list
1038 1538 1083 1594 alii
1094 1542 1219 1609 quatiunt
1232 1543 1317 1601 latera
1333 1546 1490 1603 obsistentia
1502 1546 1599 1604 duetus

979 1626 1016 1684 Et
1029 1628 1106 1686 iructi
1116 1632 1182 1688 elisa
1194 1634 1346 1692 tabularum
1358 1645 1433 1695 erate
1443 1639 1574 1695 resultant

942 1737 966 1798 B
978 1716 1125 1791 lmplentes
1136 1722 1251 1781 laceram
1263 1735 1318 1783 tam
1331 1729 1427 1786 crebra
1436 1732 1577 1800 aspergine
1588 1747 1714 1804 puppem.

979 1808 1088 1868 Excutit
1101 1816 1224 1872 avulsum
1238 1819 1314 1889 ponti
1326 1814 1453 1878 uiolentia
1468 1823 1573 1878 clauum

979 1902 1091 1973 iiejecto
1100 1916 1206 1965 rectore
1215 1914 1309 1987 procul
1319 1911 1435 1970 formido
1448 1924 1592 1985 paventum

978 1990 1068 2050 Corda
1078 1997 1165 2066 quatit
1175 2001 1291 2057 tremulo
1304 2003 1461 2061 convellens
1472 2005 1576 2061 viscera
1588 2015 1679 2072 motu,

978 2081 1166 2157 Pallentesque
1176 2091 1264 2160 rigant
1274 2108 1328 2149 non
1337 2095 1395 2151 sola
1405 2097 1546 2167 aspergine
1556 2099 1658 2165 malas,

978 2170 1086 2230 Conlusi
1099 2180 1226 2246 gemitus,
1232 2180 1388 2255 lacrymose
1401 2193 1431 2241 et
1443 2201 1579 2242 murmura
1595 2190 1678 2255 uocis,

978 2260 1121 2334 Ruptaque
1134 2268 1252 2338 singultu
1265 2273 1373 2331 assiduo
1386 2277 1501 2347 suspiria
1511 2274 1622 2332 dentum

977 2353 1110 2426 Plangunt
1122 2363 1290 2420 consimilem
1299 2367 1387 2423 vicina
1399 2377 1486 2425 morte
1499 2371 1648 2439 querelam.

976 2445 1081 2504 interea
1094 2455 1218 2510 eltremo
1229 2456 1338 2525 quidam
1352 2466 1457 2517 terrore
1469 2471 1589 2528 coaetus,

977 2535 1031 2594 Sed
1042 2541 1156 2597 necdum
1169 2543 1316 2604 instructus
1328 2562 1398 2605 verae
1411 2552 1517 2609 ratione
1530 2552 1604 2620 iidei,
1707 2540 1711 2549 ’

976 2629 1094 2689 coeleste
1103 2637 1233 2694 auxilium
1249 2641 1294 2698 tali
1307 2643 1426 2702 elamore
1439 2649 1563 2718 poposcit
1577 2666 1583 2702 :

976 2719 1102 2792 ignorate
1116 2726 1192 2793 milui,
1204 2731 1302 2787 merito
1315 2733 1364 2790 sed
1377 2737 1483 2805 cognite
1493 2740 1579 2795 saneti

976 2811 1062 2878 Quem
1075 2829 1192 2875 veneror
1204 2818 1307 2888 tunuli,
1319 2838 1369 2893 per
1382 2839 1462 2895 quem
1475 2835 1520 2882 tua
1534 2828 1618 2899 gloria
1633 2829 1713 2900 inlgct

975 2901 1094 2973 Martini,
1107 2908 1235 2968 miserere
1246 2912 1326 2980 Deus,
1341 2915 1447 2987 depelle
1459 2921 1606 2990 periclum,

976 2993 1058 3068 Eripe
1072 3015 1131 3067 nos,
1145 3016 1207 3058 nam
1221 3014 1319 3062 cuneta
1329 3007 1377 3064 tibi
1389 3010 1518 3080 proclivia
1531 3023 1660 3082 sanmns,

939 3102 963 3165 0
978 3082 1015 3140 Ut
1027 3090 1145 3157 memini,
1161 3093 1273 3149 antistes
1289 3095 1384 3152 crebra
1397 3099 1498 3156 uirtute
1510 3103 1643 3172 probavit.

977 3174 1032 3234 Nec
1045 3194 1119 3236 mora
1132 3198 1140 3237 ε
1155 3193 1292 3241 constrato
1306 3188 1460 3246 oecidemn't
1472 3206 1579 3262 equora
1589 3192 1680 3263 ssttcltt,

976 3264 1012 3321 Et
1023 3268 1108 3339 jacuit
1116 3272 1211 3343 planus
1223 3276 1387 3346 placidamm
1399 3296 1510 3354 campus
1523 3299 1662 3355 aquarum;

977 3358 1088 3420 Leniter
1101 3366 1253 3425 erlaeeram
1270 3371 1410 3430 moderato
1424 3375 1532 3433 flamine
1546 3394 1663 3451 puppem

976 3450 1074 3522 Optata
1087 3455 1227 3527 impellens
1239 3462 1371 3534 zephyrus
1386 3466 1502 3523 statione
1516 3467 1624 3525 locarit.

976 3539 1023 3599 Sic
1032 3545 1156 3601 meritum
1167 3547 1258 3604 famuli
1269 3565 1318 3620 per
1330 3561 1426 3609 cuncta
1437 3554 1571 3612 elementa
1581 3559 1714 3629 probauit,
1767 3625 1770 3629 ,

976 3628 1012 3686 Et
1023 3634 1107 3690 sancti
1123 3635 1214 3692 titulos
1228 3637 1350 3694 Christus
1362 3640 1490 3698 distendit
1503 3645 1582 3702 amici

976 3719 1134 3780 Gloriircans
1144 3724 1246 3781 clarum
1262 3729 1426 3798 superioria
1440 3734 1536 3789 meula
1550 3750 1660 3807 nomeu.

1013 3811 1067 3868 Nec
1079 3813 1177 3869 mimm
1191 3824 1234 3872 est
1246 3825 1301 3874 mm
1314 3819 1398 3875 multa
1412 3822 1467 3878 lieo
1481 3821 1587 3882 lantorc
1601 3826 1766 3897 probandam

976 3898 1084 3956 Mardoi
1099 3904 1218 3973 potuisse
1232 3904 1322 3972 fldem,
1337 3909 1478 3983 siquando
1490 3913 1577 3970 beatis

976 3990 1093 4062 Pervigil
1108 3994 1228 4053 excubiis
1238 4005 1295 4054 tota
1305 4000 1404 4057 virtute
1415 4004 1542 4074 precandi
1608 4018 1618 4047 0

952 4148 955 4154 Ι
976 4080 1018 4136 dd
1033 4082 1174 4141 Domimm
1188 4096 1308 4158 presens
1320 4091 1406 4147 ielicia
1420 4101 1483 4148 vota
1496 4094 1612 4163 tulisset,

976 4169 1006 4226 Si
1021 4179 1123 4229 tantum
1135 4175 1220 4244 ignari
1232 4178 1338 4247 penitus
1350 4178 1483 4250 longeque
1492 4184 1590 4239 remoti

976 4262 1069 4319 Gratia
1083 4280 1132 4335 per
1144 4267 1231 4325 solum
1241 4271 1339 4327 meruit
1355 4272 1503 4331 clarescere
1517 4291 1625 4332 nomen.

976 4351 1135 4424 Quanquam
1149 4354 1183 4411 ad
1194 4359 1356 4429 precipuum
1372 4363 1537 4422 contendens
1550 4368 1645 4437 pagina
1660 4371 1766 4431 laudem

936 4439 1167 4519 „obstupefacto
1191 4447 1288 4518 pedem
1315 4452 1454 4519 retrabat,
1475 4454 1617 4525 verbisque
1643 4477 1767 4530 pavescat

977 4530 1082 4589 Vilibus
1094 4532 1129 4589 ad
1139 4543 1238 4593 tanum
1252 4538 1382 4595 uirtutum
1396 4542 1541 4599 ascendere
1554 4546 1664 4605 rnolem.

976 4620 1059 4689 Queis
1072 4639 1127 4681 non
1137 4639 1221 4683 unum
1229 4628 1368 4686 bonuincm
1379 4639 1498 4701 mucius,
1509 4634 1557 4691 sed
1570 4638 1693 4707 protinus
1705 4654 1766 4697 om·

975 4798 1108 4872 Suffragia
1119 4803 1270 4863 medicante
1278 4806 1386 4864 domum
1399 4824 1508 4868 saneme
1520 4727 1730 4885 probetur}nem

975 4888 1063 4948 'iestis
1076 4891 1152 4949 adest
1162 4893 1241 4951 elane
1250 4897 1338 4954 celsus
1351 4899 1409 4955 rice
1419 4899 1583 4971 praeiecturm

975 4980 1102 5040 Gratilico
1113 4986 1251 5055 assignans
1260 4988 1318 5045 bec
1330 4988 1402 5046 dona
1416 4989 1562 5065 Lycontius
1574 5012 1633 5065 ore,

975 5071 1058 5142 Cuius
1072 5073 1213 5147 multiplici
1226 5077 1288 5133 latoe
1300 5090 1422 5149 grassata
1434 5084 1512 5140 ruina

974 5161 1107 5221 Obruerat
1121 5167 1178 5224 lues
1188 5184 1240 5224 nna
1249 5169 1358 5227 domum
1373 5189 1381 5226 t
1398 5174 1516 5231 tabentia
1531 5180 1629 5247 passim

975 5252 1097 5326 Corpora
1109 5258 1273 5315 seminecum
1288 5270 1379 5331 partes
1388 5264 1488 5333 reiecta
1500 5283 1549 5338 per
1562 5284 1656 5325 omues

973 5345 1116 5419 stipabant
1126 5348 1203 5408 lessis
1214 5352 1349 5410 horrentia
1365 5355 1456 5412 limina
1472 5361 1616 5423 membris.

974 5436 1070 5495 Tristis
1082 5440 1275 5510 ubiquedolor,
1291 5445 1385 5501 crebra
1397 5454 1424 5501 et
1441 5448 1564 5518 suspiria,
1580 5449 1658 5506 lletus

974 5527 1090 5594 Assidui,
1102 5539 1130 5586 et
1139 5539 1196 5587 toto
1210 5534 1316 5604 penitus
1332 5535 1366 5590 de
1378 5537 1494 5607 pectoris
1508 5547 1586 5594 antro

974 5614 1079 5674 Extorti
1088 5621 1211 5690 gemitus,
1225 5624 1378 5681 convellens
1391 5626 1437 5681 ilia
1448 5624 1536 5693 datus,

974 5707 1009 5764 Et
1020 5708 1091 5783 iugis
1104 5720 1203 5783 motus,
1217 5714 1286 5772 cutis
1300 5716 1384 5783 arida,
1395 5715 1502 5773 flamma
1517 5718 1640 5776 medullis
